2449 3927
341 177 777 230 FORMERLY
821 178 900 228 IN
943 178 1108 229 THE
1150 178 1561 230 PHILLIPPS
1609 180 1954 231 LIBRARY
2045 195 2104 245 31

184 327 579 371 conversationem
600 335 645 370 et
666 325 928 370 exercitium
961 325 1177 369 virtutum
1212 327 1492 371 exultabant.
1554 328 1576 385 ξ
1615 339 1668 381 7;
1711 329 1880 373 devota
1913 331 2024 388 (for
2056 331 2113 373 de

184 405 346 460 nocte).
411 401 500 461 [Cf.
525 404 666 458 Fz'or„
694 404 784 463 43].

97 510 163 572 38
297 510 350 577 (f,
384 521 414 572 7
423 509 500 578 7¹)
545 506 820 571 Qualiterl
847 506 1065 574 quidam
1107 525 1335 574 magnas
1361 516 1618 571 tyrannus
1645 510 1828 560 videns
1854 528 2022 561 anam
2049 511 2112 561 de
2127 522 2259 561 Actus
2279 525 2343 562 60.

181 600 333 650 sociis
352 599 494 649 beati
509 597 786 647 Franczls’ci
803 597 1063 646 elevatum
1092 604 1172 647 ter
1189 597 1246 646 in
1274 614 1396 647 aere
1414 615 1575 665 usque
1595 598 1673 648 ad
1686 600 1890 650 culmen
1898 599 2113 665 palacii

180 689 331 739 sitiet
343 697 419 739 est
438 704 712 738 conversus
731 685 810 736 ad
810 686 1175 751 penitentiam.
1255 685 1334 736 Et
1352 686 1482 737 bona
1501 705 1601 737 sua
1622 688 1768 738 dedit
1770 689 2103 754 pauperibus.

296 778 421 830 Hoc
449 777 550 827 fuit
576 778 792 842 signum
821 774 1290 826 evidentissimum
1331 776 1479 843 quod
1508 776 1641 827 ordo
1670 777 1812 828 beati
1841 778 1885 828 F
1890 780 2110 830 rancisci

182 868 278 919 fuit
319 866 575 918 fundatus
615 884 646 916 a
688 865 823 927 DeO,
867 864 1016 931 quod
1058 866 1241 915 statim
1281 865 1431 932 quod
1472 883 1708 917 crescere
1750 869 1914 934 cepit,
1955 870 2112 935 quasi

179 976 351 1025 usque
390 956 460 1008 ad
502 957 634 1007 fines
674 965 818 1006 terre
857 956 1104 1021 pervenit
1139 984 1283 992 ——
1321 973 1432 1006 non
1473 956 1541 1007 de
1582 957 1876 1008 subtilibus
1914 958 1999 1009 vel
2044 957 2112 1009 de

180 1046 452 1098 Aristotili
507 1045 865 1111 predicantes
920 1044 1015 1094 sed
1076 1043 1144 1095 de
1198 1044 1369 1111 gloria
1423 1046 1680 1113 paradysi
1735 1041 1808 1098 et'
1837 1047 1904 1098 de
1959 1049 2111 1113 penis

178 1137 368 1188 inferni
396 1153 520 1186 cum
548 1136 814 1186 brevitate
855 1135 1130 1196 sermonis
1161 1136 1300 1186 sicut
1341 1144 1528 1187 sancta
1571 1137 1752 1203 regula
1791 1137 1932 1189 dicit.
2018 1137 2113 1192 Ad

181 1225 397 1277 laudem
429 1227 555 1292 Jesu
585 1225 802 1277 Christi.
889 1224 1083 1276 Amen.

291 1346 314 1404 ,ξ
338 1355 393 1396 4;
430 1343 553 1387 beati
579 1341 811 1386 Francisci
845 1343 954 1400 (sor
977 1341 1166 1397 legitimi
1189 1343 1366 1399 patris).
1436 1344 1459 1402 ξ
1486 1345 1540 1386 6:
1575 1343 1727 1388 afflicti
1754 1345 1873 1388 farne
1896 1344 1968 1388 siti
2009 1379 2016 1387 .
2058 1379 2066 1388 .
2103 1367 2111 1375 ·

176 1420 235 1463 de
274 1434 376 1463 sero
413 1418 678 1475 suppliciter
713 1417 1043 1475 pervenissent,
1087 1427 1365 1473 rogaverunt
1407 1419 1575 1475 pariter
1619 1434 1700 1476 per
1736 1420 1947 1464 nuntium
1986 1420 2114 1464 illum

174 1504 418 1552 tyrannum
438 1496 563 1551 quod
586 1510 740 1539 amore
764 1494 853 1538 Dei
876 1494 977 1538 illos
999 1494 1219 1551 reciperet
1250 1494 1293 1538 in
1327 1494 1523 1551 hospitio
1545 1495 1621 1539 illa
1643 1505 1790 1540 nocte.
1862 1497 1883 1554 3⁶
1916 1508 1965 1553 15
1989 1513 1996 1540 :
2034 1497 2110 1551 Et,

176 1582 224 1618 ut
247 1573 339 1617 vidi
364 1581 409 1617 et
441 1573 596 1617 audivi
628 1573 674 1615 in
706 1588 865 1616 mensa
895 1580 1065 1626 nostra,
1098 1587 1275 1615 omnes.
1343 1573 1366 1630 ξ
1406 1573 1487 1616 16:
1513 1573 1781 1616 bestialibus
1799 1574 1909 1631 (for
1925 1573 2108 1630 carnis).

176 1650 199 1708 ἕ
251 1651 332 1694 18:
382 1659 520 1706 atque
560 1651 667 1708 (sor
704 1649 857 1706 atteri)
896 1648 1079 1706 jejuniis
1121 1657 1168 1692 et
1211 1649 1505 1704 orationibus,
1552 1649 1718 1705 vigiliis
1762 1660 1807 1694 et
1850 1651 2111 1695 elemosinis

173 1726 435 1782 largissimis
458 1726 676 1770 insistere.
746 1729 768 1786 ξ
795 1727 879 1769 26:
918 1740 1022 1769 cum
1045 1725 1131 1781 piis
1155 1726 1367 1770 lamentis
1390 1736 1434 1770 et
1457 1726 1653 1770 lacrimis
1678 1728 1986 1784 compassivis.

89 1856 159 1908 39
297 1836 347 1900 (f.
376 1847 407 1899 7
415 1835 495 1903 7V)
538 1836 687 1887 Nota
717 1834 862 1902 quod
893 1837 1023 1886 socii
1052 1836 1222 1887 sancti
1255 1836 1299 1886 F
1303 1837 1851 1897 rancisci,referebant
1874 1846 1927 1888 et
1950 1839 2111 1890 frater
2125 1861 2195 1912 cf,
2216 1863 2324 1913 Ang.

177 1925 292 1977 Leo
333 1927 545 1993 scripsit
586 1927 819 1977 futuram
867 1925 1278 1977 tribulationem
1327 1943 1492 1993 quam
1535 1927 1877 1993 intelligebat
1917 1929 2108 1981 beatus
2127 1915 2323 1971 Clareno,
2350 1916 2449 1967 Exp.

178 2018 495 2069 Franciscus
514 2036 608 2085 per
625 2019 871 2084 spiritum
890 2018 1325 2084 appropinquare
1346 2050 1490 2059 ——-—-
1510 2019 1564 2069 in
1583 2018 1667 2069 his
1686 2036 1791 2086 que
1807 2020 2108 2085 ceperunt.2
2128 1971 2231 2022 Reg.

207 2109 215 2180 l
255 2107 394 2159 Item
423 2108 637 2160 dicebat
665 2109 858 2159 beatus
898 2108 1214 2159 Franciscus
1255 2125 1437 2159 coram
1481 2107 1708 2160 domino
1740 2109 2028 2161 Hostiensi
2057 2120 2111 2163 et

178 2198 364 2249 multis
392 2198 642 2250 fratribus
670 2200 724 2249 in
745 2199 951 2266 populo
980 2198 1297 2265 predicabat
1322 2229 1468 2236 ——
1501 2199 1745 2250 funditus
1773 2200 2109 2253 evellantur.3

209 2289 216 2359 Ι
255 2288 398 2339 Nam
421 2290 618 2340 veritas
640 2307 671 2339 a
692 2288 1150 2355 predicationibus
1172 2286 1295 2357 (sic)
1316 2290 1589 2354 aperietur
1609 2289 1726 2357 (sic)
1749 2290 2109 2341 silentio——

177 2379 488 2431 nullatenus
518 2379 933 2431 formidabunt.4

292 2498 396 2542 Our
412 2500 478 2542 M
477 2499 523 2543 S.
547 2513 703 2557 agrees
725 2500 900 2556 mainly
922 2499 1039 2542 wirla
1066 2497 1282 2554 Angelus
1302 2499 1356 2541 de
1382 2498 1588 2553 Clareno,
1614 2503 1774 2556 except
1794 2500 1899 2542 that
1917 2500 1956 2540 it
1976 2498 2108 2541 omits

176 2575 250 2617 tlze
266 2578 493 2632 passages
524 2576 585 2618 Et
616 2576 739 2630 quod
768 2575 931 2630 aliquis
963 2589 1057 2617 non
1088 2573 1304 2617 canonice
1342 2575 1514 2618 electus
1549 2599 1664 2607 -—-
1698 2582 1976 2630 regerentur,
2013 2575 2114 2618 and

176 2650 427 2693 secundum
461 2651 585 2705 quod
608 2666 663 2694 ex
685 2651 961 2694 revelatione
996 2677 1112 2682 —-—
1134 2649 1387 2705 periculum
1421 2659 1466 2694 et
1502 2651 1646 2707 (Ang.
1681 2652 1735 2694 de
1762 2651 1886 2694 Clar.
1925 2650 2102 2707 Expos.
2444 2626 2449 2680 ξ

176 2727 301 2783 Reg,
337 2741 378 2782 p.
415 2737 486 2783 45,
532 2727 672 2769 Verba
707 2727 920 2782 conradi,
962 2740 1028 2781 12,
1067 2723 1089 2780 ἕ
1127 2737 1220 2782 7-9,
1268 2728 1436 2782 10-12).
1502 2727 1759 2788 Itfollqws
1791 2727 1866 2769 tlte
1899 2727 2037 2770 order
2062 2728 2119 2784 of
2443 2683 2449 2800 f

163 2807 388 2859 passages
410 2804 459 2845 in
481 2802 707 2860 Angelus,
732 2808 814 2846 not
840 2804 944 2846 tlzat
973 2805 1023 2846 in
1060 2804 1274 2854 Conrad;
1313 2804 1352 2845 it
1381 2803 1590 2846 contains
1623 2803 1698 2845 the
1718 2806 1923 2860 passage
1955 2807 2007 2845 at
2035 2804 2109 2846 the

175 2880 431 2936 beginning
458 2880 604 2934 (Nota
634 2879 760 2934 quod
793 2904 908 2911 -——
941 2883 1177 2936 ceperunt)
1209 2880 1310 2923 and
1343 2880 1416 2922 tlze
1437 2882 1644 2936 passage
1677 2883 1728 2920 at
1757 2879 1832 2921 tlze
1861 2879 1954 2921 end
1981 2879 2108 2933 (Non

173 2954 425 3009 intelligent
459 2977 583 2988 ——>
612 2954 936 3010 formidabunt)
972 2956 1129 2999 wlzick
1168 2957 1225 2999 do
1263 2960 1345 2999 not
1380 2969 1519 2998 occur
1554 2955 1604 2997 in
1643 2955 1756 3012 Leg.
1810 2954 1958 2997 Vetus.

295 3032 443 3079 Other
458 3031 705 3080 variants;
738 3029 1037 3073 immaculata
1045 3032 1139 3088 for
1154 3032 1385 3074 maculata
1404 3030 1566 3087 (Ang,
1589 3045 1634 3085 p.
1662 3042 1689 3083 4
1698 3040 1734 3085 5,
1755 3031 1784 3072 1.
1808 3032 1854 3085 4)
1878 3029 2107 3073 dissencio

174 3108 275 3150 and
292 3106 549 3162 impelletur
555 3107 647 3163 for
663 3105 881 3149 discessio
903 3107 1004 3149 and
1013 3108 1318 3162 compleretur
1340 3107 1434 3160 (ia,
1460 3107 1486 3148 l.
1515 3106 1562 3158 6)
1582 3122 1592 3157 ;
1628 3105 1828 3160 indignis
1864 3104 2106 3160 indignum
2439 3119 2444 3151 t

161 3184 243 3240 s0⁷
269 3182 460 3237 dignum
485 3181 635 3237 dignis
659 3180 816 3241 (Ang,
843 3197 884 3238 p.
912 3183 984 3236 46,
1009 3183 1036 3224 1.
1069 3185 1141 3239 19)
1162 3199 1172 3235 3
1207 3190 1528 3238 tempestatem
1535 3182 1628 3239 for
1645 3180 1991 3237 temptationem
2010 3182 2103 3237 (z·b.,

174 3260 200 3302 1.
240 3262 346 3316 22);
392 3266 550 3302 contra
581 3257 811 3313 simplices
841 3265 888 3301 et
920 3256 1148 3301 humiliter
1185 3258 1453 3313 gaudentes,
1479 3258 1572 3314 for
1604 3265 1760 3300 contra
1798 3256 2030 3299 humiliter
2061 3265 2106 3300 et

286 3363 301 3387 1
318 3364 344 3400 I
346 3377 372 3401 n
392 3361 558 3413 margin
578 3375 587 3408 ;
620 3369 721 3400 nota
743 3362 862 3400 bene.

280 3431 418 3482 2Ang.
442 3430 636 3477 Clareno,
658 3430 812 3480 Expos.
836 3429 939 3479 Reg.
964 3427 1044 3479 (ed.
1067 3428 1240 3481 Oliger),
1262 3441 1332 3479 pp.
1354 3430 1501 3477 44-463
1537 3427 1677 3467 Verba
1699 3427 1903 3475 conradi,
1930 3439 1992 3466 12.

280 3498 296 3523 3
311 3499 420 3550 Ang.
444 3497 634 3545 Clareno,
657 3510 728 3548 pp.
750 3500 901 3547 46-47;
936 3497 1074 3536 Verba
1097 3496 1298 3543 Conradi,
1323 3508 1396 3543 103
1428 3495 1630 3547 Legenda
1655 3495 1798 3543 Vetus,
1823 3507 1857 3534 1.

278 3569 420 3620 ⁴Ang.
444 3568 638 3615 Clareno‚
660 3579 731 3618 pp.
752 3567 901 3617 47-483
936 3566 1076 3607 Verba
1097 3565 1297 3614 Conradi,
1322 3577 1397 3613 10;
1427 3565 1529 3617 Leg.
1557 3565 1700 3612 Vetus,
1725 3577 1762 3604 1.
