2449 3927
337 183 774 238 FORMERLY
818 182 897 232 IN
941 181 1103 231 THE
1146 177 1547 230 PHILLIPPS
1594 176 1943 228 LIBRARY
2036 178 2102 238 87

182 342 275 407 qui
317 339 422 390 huc
462 334 686 388 'veniunt
729 340 1010 400 reportent
1056 333 1265 382 bonum
1312 329 1630 395 exemplum
1680 327 2012 394 paupertatis
2053 327 2109 376 in

184 430 315 481 locis
343 429 484 492 suis;
525 426 799 493 quoniam,
825 424 870 474 si
898 422 1179 483 haberent,
1209 437 1332 470 suas
1362 419 1758 469 satisfactiones
1785 425 1839 467 et
1866 415 2110 467 consola-

185 521 380 580 tiones,
403 526 457 568 et
479 517 567 567 alii
592 516 782 565 fratres
804 512 870 563 de
893 513 1157 577 religione
1186 517 1461 560 sumerent
1481 509 1801 573 exemplum
1823 504 2110 556 edificandi

186 610 237 660 in
270 609 398 659 locis
428 608 537 658 suis
566 605 835 656 dicentes:
881 604 946 653 In
975 603 1097 653 loco
1128 601 1181 653 S.
1212 600 1382 651 Marie
1415 599 1483 649 de
1511 596 1871 658 Portiuncula,
1905 596 1998 662 qui
2028 603 2112 645 est

186 700 390 766 primus
420 698 567 747 locus
608 694 848 754 fratrum,
891 693 1021 742 talia
1061 699 1115 741 et
1154 698 1311 740 tanta
1351 687 1558 740 edificia
1599 686 1927 747 edificantur,
1974 685 2111 735 bene

187 804 474 855 possumus
503 783 750 836 edificare
778 783 829 832 in
861 784 992 833 locis
1023 778 1257 831 nostris.l

70 889 170 939 166
301 879 353 945 (f.
394 878 544 943 125V)
591 874 838 937 Qualiter
864 872 920 924 S.
954 871 1273 922 Franciscus
1307 867 1580 919 ordinavit
1604 867 1659 915 z'n
1688 872 1995 916 testamento
2021 881 2111 913 suo
2127 864 2371 911 Lemmens‚
2394 874 2416 912 3

187 968 328 1036 quod
345 983 521 1017 omnes
547 965 666 1015 celle
692 963 911 1014 debeant
936 960 1170 1012 construi
1192 977 1257 1010 ex
1281 958 1446 1026 lzgm‘s
1477 965 1527 1006 et
1550 956 1697 1007 lut0.2
2129 971 2250 1018 Pers„
2276 947 2355 1024 10)’.

301 1057 535 1109 Sanctus
564 1055 886 1105 Franciscus
926 1053 1063 1103 circa
1105 1059 1335 1102 mortem
1379 1050 1428 1099 in
1471 1054 1799 1099 testamento
1829 1063 1926 1096 suo
1955 1045 2116 1095 scribi

187 1150 362 1199 voluit
390 1154 449 1196 ut
476 1163 669 1196 omnes
695 1145 832 1195 celle
859 1151 915 1194 et
955 1143 1152 1192 domus
1195 1145 1419 1191 fratrum
1448 1155 1558 1189 non
1586 1137 1848 1187 deberent
1876 1134 2116 1185 construi

189 1239 289 1288 nisi
318 1255 390 1287 ex
418 1237 535 1287 luto
562 1243 618 1286 et
646 1235 806 1300 lignis
848 1232 918 1284 ad
960 1229 1393 1283 conservandum
1440 1228 1631 1279 melius
1661 1233 2035 1292 paupertatem
2067 1231 2121 1274 et

188 1326 570 1378 humilitatem.
656 1323 823 1376 Unde
862 1322 1103 1389 quodam
1144 1328 1390 1386 tempore
1430 1348 1501 1355 —-
1532 1318 1710 1367 minus
1760 1314 1871 1382 (sic)
1915 1314 2121 1364 malum

187 1418 504 1483 exemplum
533 1424 587 1466 et
616 1413 932 1465 scandalum
962 1411 1089 1463 inde
1115 1418 1270 1462 esset.

301 1520 346 1561 T
343 1520 399 1563 lze
431 1523 530 1561 text
561 1519 600 1560 z's
633 1518 804 1560 almost
833 1515 1055 1558 zdentical
1083 1514 1203 1556 with
1242 1513 1346 1555 {hat
1379 1512 1436 1568 of
1469 1510 1725 1562 Lemmens,
1761 1509 1919 1563 except
1949 1506 2056 1548 tlzat
2087 1505 2126 1546 z't

187 1596 394 1640 contains
427 1596 501 1638 tlze
512 1598 738 1651 passages
771 1592 965 1635 omitted
990 1591 1040 1633 z'n
1073 1589 1332 1641 Lemmens,
1365 1587 1552 1642 namely
1587 1589 1612 1610 “
1630 1585 1732 1627 Nec
1766 1582 1921 1638 aliqua
1940 1582 2043 1624 loca
2066 1607 2122 1612 -

188 1671 519 1715 morarentur'¹
559 1668 804 1726 (Sabatier,
846 1682 887 1724 p.
929 1680 1001 1723 23,
1043 1667 1084 1710 ll.
1132 1662 1283 1720 13-15)
1321 1664 1422 1707 and
1454 1660 1714 1717 “quoniam
1752 1658 1893 1716 (quia)
1928 1659 2124 1701 fructum

189 1747 447 1793 animarum
480 1781 489 1790 .
526 1782 535 1791 .
570 1780 580 1789 .
615 1745 837 1788 lucrando
869 1758 945 1787 eos
979 1751 1025 1786 et
1058 1742 1280 1798 populum
1314 1754 1452 1795 quam
1485 1736 1838 1781 scandalizando
1860 1736 2055 1791 prelatos
2080 1742 2125 1776 et

189 1825 378 1869 clericos
401 1823 506 1867 licet
529 1823 753 1879 populum
774 1823 1060 1864 lucrarentur
1092 1853 1101 1862 .
1138 1853 1146 1862 .
1183 1852 1191 1861 .
1227 1815 1434 1860 venerari
1449 1816 1472 1835 '²
1498 1814 1573 1870 (ib.
1600 1828 1641 1870 p.
1667 1826 1739 1869 23,
1765 1813 1807 1856 11.
1834 1823 1984 1868 30-24,
2011 1812 2036 1854 l.
2063 1812 2123 1869 4).

68 1924 168 1985 167
303 1919 356 1984 (f.
410 1917 560 1983 126V)
624 1914 871 1977 Qualiter
910 1912 965 1964 S.
1015 1910 1333 1961 Franciscus
1374 1908 1473 1958 ivit
1493 1906 1812 1973 predicando
1857 1915 1961 1971 per
1999 1914 2123 1970 pro-
2144 1903 2213 1957 Cf·
2234 1905 2289 1944 Π·
2310 1902 2398 1943 Cel.
2417 1901 2442 1941 i‘

188 2008 418 2059 vinciam
457 2004 712 2058 M‘archz'e.
2144 1971 2209 2010 49·

302 2097 558 2166 Quodam
598 2105 845 2162 tempore
885 2094 1000 2144 ibat
1028 2089 1361 2159 predicando
1403 2089 1450 2143 b.
1499 2088 1819 2139 Franciscus
1862 2102 1958 2152 per
1997 2101 2119 2151 pro-

189 2191 425 2241 vinciam
453 2186 706 2240 Marchie.
788 2183 1007 2235 Accidit
1047 2190 1229 2232 autem
1272 2188 1330 2231 ut
1370 2177 1614 2246 quodam
1654 2177 1753 2239 die,
1785 2176 1916 2227 dum
1949 2176 2124 2240 cujus-

189 2279 317 2330 dam
345 2280 507 2330 castri
551 2277 756 2344 populo
798 2273 1139 2341 predicasset,
1167 2270 1392 2338 quidam
1421 2269 1590 2319 homo
1628 2268 1779 2318 venit
1818 2266 1886 2316 ad
1930 2267 2125 2331 ipsum,

192 2370 379 2421 dicens
423 2369 528 2419 illis
574 2367 721 2435 (sz'c);
791 2365 995 2426 Frater,
1042 2362 1170 2413 volo
1218 2361 1494 2411 dimittere
1536 2358 1779 2409 seculum
1827 2365 1882 2406 et
1929 2357 2128 2406 intrare

193 2460 513 2526 religionem
542 2467 709 2512 tuam.
793 2455 954 2506 Dixit
981 2453 1051 2504 ad
1079 2469 1203 2504 eum
1246 2451 1293 2502 b.
1328 2450 1681 2500 Franciscus:
1725 2447 1925 2509 Frater,
1964 2446 2005 2496 si
2047 2445 2128 2495 vis

196 2552 394 2600 intrare
421 2549 741 2614 religionem
772 2546 1013 2606 fratrum,
1042 2550 1261 2609 oportet
1289 2549 1343 2591 te
1385 2541 1562 2606 primo
1592 2539 1778 2588 omnia
1807 2545 1900 2588 tua
1943 2551 2129 2586 secun-

197 2640 327 2691 dum
367 2639 630 2705 evangelii
674 2635 1059 2703 perfectionem
1099 2631 1425 2699 pauperibus
1465 2645 1700 2694 erogare,
1745 2635 1935 2694 postea
1976 2634 2128 2676 tuam

198 2731 538 2780 voluntatem
580 2730 632 2778 in
674 2726 931 2777 omnibus
973 2724 1256 2789 abnegare.
1361 2720 1575 2786 Quibus
1621 2718 1817 2768 auditis
1862 2718 1957 2767 ivit
2003 2731 2127 2765 cum

199 2821 545 2871 festinatione
581 2827 637 2869 et
677 2818 875 2868 ductus
922 2833 1108 2867 amore
1148 2813 1349 2864 carnali
1389 2819 1445 2862 et
1485 2828 1598 2862 non
1640 2808 1903 2876 spirituali
1946 2805 2128 2856 omnia

202 2928 299 2961 sua
340 2910 451 2959 suis
494 2908 912 2974 consanguineis
953 2905 1212 2971 erogavit.
1296 2902 1370 2952 Et
1412 2918 1654 2953 reversus
1697 2898 1766 2950 ad
1806 2898 1854 2949 b.
1888 2896 2130 2947 Francis-

201 3018 324 3051 cum
352 2999 535 3049 dicens
563 3000 640 3049 ei:
689 2998 890 3058 Frater,
919 3013 1042 3047 ecce
1096 3012 1182 3046 me
1210 2992 1277 3043 de
1318 2991 1569 3043 omnibus
1598 2991 1732 3041 meis
1761 2985 2123 3053 expropriavi.

204 3091 365 3142 Dixit
407 3088 475 3139 ad
522 3107 649 3139 eum
689 3088 736 3139 b.
784 3087 1132 3138 Franciscus:
1181 3082 1474 3150 Quomodo
1518 3081 1730 3132 fecisti?
1836 3077 1943 3143 Qui
1985 3075 2131 3125 dixit

204 3181 309 3231 illi:
353 3180 559 3239 Frater,
587 3178 772 3228 omnia
800 3194 919 3227 mea
945 3174 1273 3242 quibusdam
1301 3171 1723 3237 consanguineis
1771 3168 1904 3218 meis
1932 3165 2132 3232 quibus

207 3269 507 3321 necessaria
535 3275 688 3318 erant
716 3267 947 3332 erogavi.
1033 3265 1092 3316 B.
1125 3264 1170 3313 F
1174 3264 1442 3313 ranciscus
1465 3263 1651 3312 statim
1673 3272 2010 3325 cognoscens
2039 3271 2134 3320 per

314 3391 329 3415 1
344 3391 437 3429 The
457 3391 582 3429 latter
601 3396 695 3439 part
714 3388 763 3427 of
787 3387 870 3426 this
891 3387 1064 3437 chapter
1086 3386 1214 3425 forms
1236 3386 1339 3434 Cap.
1363 3384 1414 3422 28
1434 3383 1484 3422 of
1508 3380 1749 3421 Lemmens'
1774 3380 1889 3430 Spec.
1912 3375 2028 3428 Pers.
2051 3374 2134 3414 and

209 3461 251 3499 in
272 3461 366 3498 that
387 3467 481 3510 part
501 3471 578 3498 our
598 3465 688 3496 text
706 3468 855 3508 agrees
873 3455 978 3494 with
998 3455 1227 3492 Lemmens
1248 3453 1387 3491 rather
1407 3452 1510 3490 than
1531 3450 1634 3488 with
1656 3447 1863 3487 Sabatier.

320 3526 567 3578 2Margina1
597 3531 696 3564 note
728 3523 837 3576 (Sec.
869 3536 935 3562 xv,
955 3522 1016 3575 ?);
1048 3522 1190 3561 “Hoc
1221 3527 1355 3559 totum
1386 3526 1451 3558 est
1480 3525 1625 3557 contra
1657 3514 1886 3554 nonnullos
1914 3513 2064 3551 fratres
2094 3518 2134 3549 et

210 3605 322 3636 conti
334 3609 359 3635 a
377 3608 446 3634 me
458 3595 503 3634 '’.
