2449 3927
331 161 766 215 FORMERLY
808 160 890 211 IN
936 160 1100 210 THE
1144 159 1555 210 PHILLIPPS
1601 159 1952 210 LIBRARY
2034 163 2097 212 81

174 314 293 366 Vos
315 322 499 365 autem
525 314 683 364 facite
704 313 844 363 sicut
866 311 1141 362 Dominus
1170 310 1460 377 inspirabit
1479 311 1635 361 vobis
1653 311 1694 362 '’.
1775 311 1852 361 Et
1872 311 2106 378 amplius

175 420 288 455 non
313 412 395 455 est
422 404 648 464 locutuS,
693 410 752 452 ut
793 401 990 452 melius
1029 408 1381 466 cognosceret
1421 399 1553 466 quid
1581 399 1649 450 de
1687 400 1791 451 hoc
1832 400 2108 451 Dominus

176 494 286 544 suis
340 494 501 545 sociis
554 492 856 558 inspiraret.
961 490 1107 541 Nam
1160 490 1211 541 b.
1271 489 1587 540 Franciscus
1634 507 1665 539 a
1712 498 1958 556 tempore
2012 507 2111 541 sue

174 585 542 636 conversionis
593 600 765 649 usque
818 581 886 633 ad
946 581 1092 632 diem
1154 582 1349 631 mortis
1410 597 1623 646 semper
1682 581 1944 632 sollicitus
2006 581 2107 632 fuit

174 683 419 742 tempore
465 674 715 725 sanitatis
769 679 823 723 et
876 673 1039 723 etiam
1094 670 1424 722 infirmitatis
1476 687 1805 737 cognoscere
1852 678 1906 721 et
1955 671 2109 737 sequi

174 765 513 816 voluntatem
544 759 806 813 Domini.¹
891 761 1035 813 Socii
1076 760 1191 826 ejus
1219 759 1467 810 videntes
1510 760 1687 826 ipsum
1731 760 1806 810 ita
1834 759 2107 811 infirmum

174 863 229 906 et
270 853 480 905 nudum
528 851 810 903 sedentem
859 852 913 901 in
960 858 1102 901 terra
1150 851 1467 916 inceperunt
1513 867 1587 899 ex
1634 850 2015 915 compassione
2055 857 2113 900 et

175 946 376 1010 pietate
403 943 546 993 illius
575 941 797 992 firmiter
837 941 1118 991 lacrimari.
1202 939 1360 991 Unus
1401 947 1585 990 autem
1628 957 1698 988 ex
1729 939 1846 1001 illis,
1875 940 1968 1005 qui
1996 947 2113 989 erat

176 1034 291 1099 ejus
321 1031 684 1094 Guardianus‚
706 1029 1057 1081 considerans
1088 1047 1160 1079 ex
1188 1029 1475 1080 voluntate
1505 1028 1733 1078 Domini
1764 1027 1913 1094 quod
1941 1029 2111 1079 etiam

174 1123 242 1173 de
269 1123 451 1174 tunica
479 1130 534 1172 et
564 1121 911 1172 femoralibus
940 1137 1049 1186 que
1076 1119 1263 1185 regula
1294 1119 1549 1169 fratribus
1579 1117 1833 1169 concedit
1862 1135 1919 1168 se
1947 1119 2115 1169 vellet

174 1214 544 1280 expropriare,
596 1219 656 1262 ut
709 1218 854 1261 esset
909 1211 963 1260 in
1019 1209 1274 1260 omnibus
1327 1226 1486 1260 verus
1540 1226 1748 1275 pauper
1801 1208 2002 1260 Christi
2057 1217 2116 1259 et

174 1304 419 1353 imitator
439 1303 493 1352 in
515 1302 625 1353 vita
653 1308 708 1352 et
736 1302 791 1351 in
821 1309 1009 1362 morte,
1039 1300 1161 1351 tulit
1189 1300 1431 1350 tunicam
1460 1308 1515 1350 et
1537 1298 1818 1349 femoralia
1840 1297 2114 1366 [optulit]2

173 1393 248 1443 illi
268 1392 482 1444 dicens:
523 1397 552 1419 “
573 1392 745 1452 Pater,
772 1390 913 1441 hanc
939 1391 1178 1441 tunicam
1209 1397 1263 1440 et
1293 1389 1573 1440 femoralia
1596 1389 1694 1440 tibi
1717 1388 2109 1451 accommodo;

173 1491 227 1534 et
256 1490 316 1533 ut
356 1483 493 1533 scias
533 1481 672 1532 bene
711 1488 766 1531 te
808 1480 876 1530 de
915 1480 1018 1530 hiis
1059 1479 1311 1530 omnibus
1354 1497 1471 1530 esse
1509 1479 1934 1545 expropriatum,
1979 1479 2110 1529 volo

172 1572 322 1640 quod
362 1572 496 1624 nulli
535 1571 740 1622 habeas
788 1577 1123 1637 potestatem
1172 1567 1398 1621 dandi’'.
1505 1568 1741 1619 Sanctus
1786 1568 2110 1619 Franciscus

173 1664 359 1714 levans
417 1661 606 1713 oculos
667 1678 795 1712 suos
861 1660 931 1711 ad
997 1660 1177 1711 celum
1240 1660 1443 1725 junctis
1511 1659 1762 1709 manibus
1822 1657 2108 1709 benedixit

171 1753 478 1804 Dominum
539 1760 593 1803 et
653 1752 728 1802 ait
786 1751 945 1801 sociis
1006 1752 1150 1801 suis:
1221 1749 1553 1800 “Dominus
1612 1749 1765 1799 vobis
1827 1748 2102 1810 retribuat,

171 1845 430 1911 quoniam
457 1844 533 1894 ita
563 1858 771 1909 pauper
795 1840 923 1891 volo
952 1842 1087 1891 mori
1105 1838 1148 1891 ”.

288 1934 482 1985 Postea
511 1932 749 2000 quadam
791 1931 880 1982 die
922 1930 1068 1981 dixit
1108 1931 1216 1980 eis:
1266 1929 1512 1982 “Statim
1548 1946 1672 1979 cum
1700 1945 1918 1995 egressa
1948 1927 2107 1980 fuerit
2122 1932 2251 1982 Ibid„
2275 1937 2368 1985 163·

172 2026 354 2076 anima
372 2024 439 2075 de
455 2040 702 2090 corpore,
720 2022 1002 2089 expoliate
1021 2038 1109 2071 me
1131 2029 1306 2071 totum
1331 2018 1539 2070 nudum
1563 2020 1700 2069 sicut
1724 2036 1811 2069 me
1830 2018 2106 2084 expoliavi

172 2132 356 2166 coram
377 2114 546 2176 vobi5‚
569 2122 623 2164 et
645 2114 832 2179 ponite
855 2129 942 2162 me
963 2113 1015 2162 in
1039 2110 1185 2161 nuda
1210 2118 1363 2172 terra,
1391 2117 1445 2160 et
1466 2117 1681 2161 tantum
1706 2126 1791 2159 me
1814 2107 2105 2159 dimittatis

172 2206 247 2256 sic
271 2221 492 2256 manere
511 2211 777 2270 quantum
799 2202 968 2252 homo
996 2200 1278 2252 ambulare
1301 2207 1487 2266 posset
1510 2216 1603 2265 per
1624 2199 1830 2249 miliare
1850 2214 2018 2248 unum
2036 2195 2106 2248 '’.3

51 2297 154 2361 156
286 2296 339 2362 (f.
398 2295 541 2361 1225)
592 2292 838 2355 Qualiter
886 2291 927 2346 b,
986 2291 1302 2340 Francz'scus
1336 2289 1464 2353 fuit
1511 2290 1690 2339 lumen
1744 2296 1794 2338 et
1841 2288 2103 2353 speculum
2123 2293 2366 2340 Lemmens,
2389 2301 2445 2333 10

261 2385 270 2394 .
459 2385 468 2394 .
656 2383 664 2392 .
2124 2346 2195 2399 (cf.
2218 2347 2341 2398 Spec.

170 2385 461 2435 unzversalz
492 2384 700 2449 ecc-leste,
735 2391 817 2436 ete.
2125 2401 2252 2449 Pers„
2275 2402 2396 2452 123)-

285 2474 537 2541 Quadam
566 2472 655 2523 die
696 2472 922 2538 quidam
965 2471 1127 2522 frater
1165 2469 1312 2521 dixit
1352 2469 1401 2521 b.
1445 2469 1735 2520 Francisco
1776 2499 1848 2505 —
1887 2483 2104 2519 versum

172 2559 241 2611 de
268 2577 449 2611 sorore
477 2567 668 2622 morte,
710 2557 996 2609 videlicet:

172 2650 423 2701 Laudato
452 2651 510 2711 si,
543 2651 655 2700 mio
683 2650 914 2715 signore,
944 2664 1040 2714 per
1066 2664 1188 2697 sora
1215 2654 1402 2697 nostra
1430 2654 1604 2697 morte
1635 2643 1915 2711 corporale

173 2740 240 2791 de
269 2740 320 2791 la
347 2741 462 2791 cale
488 2740 579 2790 nul
609 2739 776 2795 homo
803 2739 1022 2789 vivente
1051 2754 1122 2802 po
1141 2734 1161 2763 4
1189 2753 1467 2802 scampare

174 2829 296 2896 Gay
322 2829 539 2896 aquello
567 2829 665 2879 che
694 2845 875 2879 morro
903 2844 972 2877 ne
1001 2827 1053 2876 lo
1084 2825 1316 2892 pechato
1346 2825 1578 2876 mortale

173 2919 344 2971 Beato
366 2919 548 2985 quello
576 2919 674 2969 che
694 2926 909 2970 trovara
935 2933 1004 2967 ne
1026 2917 1077 2966 la
1113 2916 1132 2984 [
1174 2957 1184 2966 .
1228 2956 1237 2965 .
1286 2956 1295 2965 .
1337 2915 1380 2982 ?]
1399 2913 1417 2943 ⁵
1459 2915 1798 2965 sanctissima
1819 2914 2108 2966 voluntate

172 3010 315 3060 Kala
342 3017 521 3060 morte
549 3007 785 3058 secunda
812 3007 924 3057 noli
953 3006 1090 3057 farra
1119 3005 1274 3056 male.

51 3127 152 3181 157
247 3100 299 3167 (f.
366 3099 517 3165 122V)
574 3097 819 3160 Qualiter
865 3095 1080 3146 domina
1120 3094 1323 3162 sacoba
1380 3102 1594 3145 venerat
1641 3094 1720 3144 aa'
1764 3094 2096 3145 visitandum
2118 3110 2363 3157 Lemmens‚
2386 3121 2438 3150 11

169 3189 210 3240 b.
244 3189 598 3239 Francz'scum.
2114 3162 2371 3269 ξέἓῑῗριειεὲ).

331 3360 347 3384 1
363 3360 432 3413 Cf.
454 3360 699 3405 Lemmens‚
732 3357 852 3408 Spec.
883 3354 1014 3406 Pers„
1035 3368 1076 3405 p.
1097 3366 1146 3404 33
1171 3354 1293 3406 (Cap.
1319 3354 1398 3405 10).

333 3428 384 3452 2“
399 3426 565 3479 Optulit
579 3425 602 3443 '’
623 3423 806 3464 inserted
826 3423 869 3461 in
885 3436 910 3462 a
931 3422 1060 3461 blank
1080 3434 1206 3473 space
1227 3422 1268 3460 in
1288 3421 1465 3460 another
1485 3420 1613 3460 hand.

331 3495 348 3521 3
363 3494 430 3546 Cf.
462 3495 586 3541 Bon.,
607 3494 709 3544 Leg.
732 3491 845 3543 Maj.
866 3490 962 3537 xiV.‚
984 3503 1022 3538 4.
1189 3488 1368 3528 4Added
1386 3488 1431 3527 in
1451 3487 1645 3540 margin:
1676 3487 1938 3528 finalmente.

336 3564 352 3587 ⁵
365 3563 459 3601 The
474 3560 591 3600 word
610 3572 789 3612 appears
809 3566 853 3598 to
875 3557 927 3596 be
949 3561 958 3580 ‘
977 3569 1047 3596 cor
1065 3558 1074 3575 ’
1097 3556 1266 3596 crossed
1284 3562 1372 3596 out.

323 3631 455 3671 VOL.
482 3630 534 3670 v.
1157 3614 1191 3663 6
