2449 3927
183 215 283 252 102
330 201 847 254 DESCRIPTION
870 202 1042 254 OFA
1062 202 1564 255 FRANCISCAN
1590 202 2095 255 MANUSCRIPT

54 367 152 420 195
287 353 341 419 (f.
376 367 394 402 1
411 367 475 417 33
482 353 520 420 )
552 352 796 415 Qualzter
811 352 1567 420 quz‘damfraterdesiderabat
1590 354 1766 404 videre
1785 353 2448 415 b.Franc22v-11.c<=1.fi.,76

174 458 289 492 cum
315 449 366 493 et
386 441 573 494 habere
598 442 869 494 consz'lzum
896 445 1021 510 ojus,

2447 577 2449 584 ⁴
2439 521 2449 549 :A
2443 498 2447 507 ψ
2436 475 2441 483 ²
2444 458 2445 461 „
2427 328 2449 415 ...g-ur.
2426 0 2449 322 ω-Μᾼψώ

289 531 414 582 Fuit
441 532 663 598 quidam
694 533 858 583 frater
902 542 1089 584 sancte
1128 535 1557 606 conversationis
1585 541 1638 584 et
1677 533 1981 584 honestatis
2023 543 2098 585 at-
2443 585 2449 611 a

174 637 279 686 que
308 638 506 689 magne
535 623 795 673 orationis
823 630 877 674 et
904 624 1158 689 antiquus
1188 624 1243 674 in
1273 624 1537 689 religione
1565 624 1659 689 qui
1701 641 1797 689 per
1836 624 2100 689 plurimos
2437 686 2449 710 ⁷5

172 727 348 762 annos
387 719 686 778 temptatus
726 721 808 763 est
849 712 1072 764 diversis
1112 721 1167 764 et
1213 713 1668 779 temptationibus
1712 713 1981 778 maligniS,
2027 713 2101 764 ita
2440 722 2449 798 Ξ

172 800 319 866 quod
347 808 562 852 tantum
592 801 661 852 ab
692 803 821 868 ipsis
849 802 1237 853 stimulabatur
1263 801 1412 869 quod
1443 802 1763 853 multotiens
1804 802 2103 852 ducebatur
2447 800 2449 805 ’

172 906 341 956 usque
367 890 436 940 ad
463 891 914 957 desperationem,
947 900 1001 942 et
1030 910 1101 942 ex
1130 892 1232 943 hoc
1259 891 1537 959 affligebat
1566 910 1623 943 se
1647 891 1819 954 valde,
1852 891 2104 943 videlicet

173 980 518 1042 abstinentia,
570 981 780 1048 vigiliis,
829 981 1065 1032 lacrimis
1111 989 1164 1032 et
1200 982 1570 1033 orationibus:
1617 989 1672 1032 et
1718 999 1896 1048 neque
1944 983 1995 1031 in
2044 1000 2102 1033 se

170 1086 349 1136 neque
376 1070 445 1120 ab
475 1071 662 1137 aliquo
691 1071 849 1121 fratre
877 1071 1003 1122 inde
1033 1072 1208 1137 potuit
1246 1071 1444 1122 habere
1483 1072 1567 1122 vel
1609 1073 1850 1122 invenire
1876 1071 2101 1138 aliquod

170 1159 473 1221 remedium
520 1160 606 1211 vel
646 1160 1094 1223 consolationem,
1144 1169 1199 1211 et
1238 1161 1581 1212 desiderabat
1621 1161 1805 1212 videre
1843 1161 1890 1213 b.
1935 1161 2101 1212 Fran-

168 1249 369 1300 ciscum
410 1257 464 1300 et
490 1249 688 1301 habere
728 1249 855 1301 inde
894 1251 1180 1301 consilium
1225 1234 1351 1315 ejus,
1435 1252 1510 1302 Et
1549 1251 1749 1302 factum
1791 1259 1873 1301 est
1913 1251 2099 1303 divina

167 1337 574 1404 dispensatione
591 1339 753 1406 quod,
776 1339 908 1390 dum
927 1341 1024 1390 iret
1043 1357 1137 1406 per
1154 1340 1432 1407 quandam
1452 1342 1610 1402 viam,
1633 1341 1839 1392 invenit
1859 1341 1906 1392 b.
1931 1341 2098 1392 Fran-

166 1428 366 1479 ciscum
406 1430 497 1496 qui
538 1429 653 1480 ibat
694 1429 1021 1496 predicando
1050 1447 1144 1496 per
1173 1430 1319 1481 illam
1363 1432 1709 1497 provinciam.
1795 1430 1874 1482 Ut
1914 1439 2097 1481 autem

165 1520 426 1584 cognovit
454 1536 597 1582 eum,
626 1520 816 1571 statim
847 1521 1081 1571 cucurrit
1110 1519 1179 1570 ad
1208 1537 1334 1571 eum
1362 1528 1417 1571 et
1436 1520 1667 1586 procidit
1695 1521 1766 1571 ad
1787 1520 1955 1587 pedes
1983 1522 2098 1586 ejus

165 1615 220 1658 et
259 1615 472 1660 tantum
515 1609 721 1660 fortiter
762 1627 943 1661 amare
981 1610 1145 1661 fiebat
1191 1610 1342 1677 quod
1382 1610 1547 1661 nichil
1590 1618 1804 1677 poterat
1843 1612 1890 1661 ei
1933 1611 2092 1677 loqui.

164 1697 224 1749 B.
269 1698 591 1750 Franciscus
632 1708 812 1751 motus
851 1692 936 1751 est
972 1701 1175 1767 pietate
1229 1718 1391 1767 super
1432 1701 1611 1767 ipsum
1651 1708 1707 1751 et
1746 1702 1933 1752 statim
1975 1718 2099 1767 cog-

163 1790 317 1838 novit
359 1806 454 1855 per
494 1790 743 1855 spiritum
783 1798 1036 1842 sanctum
1078 1790 1227 1857 quod
1267 1791 1448 1857 aliqua
1487 1791 1852 1857 temptatione
1892 1792 2096 1858 gravis-

163 1877 299 1928 sima
352 1878 731 1931 tribulabatur.
842 1880 914 1931 Et
964 1881 1072 1931 ait:
1112 1881 1204 1930 Ex
1259 1888 1413 1947 parte
1466 1880 1693 1932 Domini
1742 1881 1915 1931 nostri
1971 1880 2097 1947 Jesu

164 1965 383 2035 Christi,
431 1970 669 2035 precipio
708 1969 866 2020 vobis
909 1969 1239 2023 demonibus
1285 1978 1346 2021 ut
1389 1969 1590 2021 amodo
1638 1988 1749 2021 non
1798 1971 2098 2021 molestetis

160 2057 304 2108 hunc
345 2058 566 2109 fratrem
609 2077 792 2110 meum
834 2060 974 2111 sicut
1016 2077 1189 2127 usque
1225 2061 1279 2111 in
1320 2060 1459 2110 hanc
1498 2060 1695 2111 horam
1727 2061 1943 2112 fecistiS.
2024 2061 2098 2112 Et

162 2148 348 2198 statim
370 2150 606 2200 surrexit
629 2149 790 2200 frater
818 2150 910 2200 ille
936 2150 1005 2201 ab
1034 2150 1124 2200 illa
1166 2151 1535 2216 temptatione
1563 2151 1636 2202 ita
1664 2150 1925 2201 liberatus
1947 2149 2094 2217 quod

161 2237 341 2290 visum
373 2238 472 2289 fuit
497 2240 546 2289 ei
573 2238 724 2305 quod
751 2239 870 2290 illas
900 2240 1291 2306 temptationes
1318 2257 1601 2307 nunquam
1628 2239 1920 2291 habuisset.

40 2335 144 2399 196
275 2328 328 2395 (f.
369 2330 514 2397 1331)
559 2329 804 2392 Qualzter
835 2327 1053 2397 quidam
1093 2330 1322 2381 latrones
1360 2330 1638 2381 veniebant
1672 2331 1751 2380 ad
1776 2330 1979 2391 fratres
1993 2339 2094 2397 pro
2112 2332 2350 2382 Lemmens,
2371 2343 2419 2384 43

160 2416 467 2470 elemoszm‘s.
475 2418 492 2448 1
2111 2385 2341 2494 (Ιξζῑίῗρέἓ).
2393 2426 2396 2432 ’

277 2507 533 2574 Quodam
574 2516 824 2575 tempore
871 2510 925 2559 in
971 2507 1214 2575 quodam
1261 2510 1609 2560 heremitorio
1658 2509 1884 2561 fratrum
1932 2526 2094 2576 super

160 2596 406 2663 Burgum
455 2598 626 2649 sancti
682 2597 949 2664 Stephani
1004 2598 1120 2667 (sic)
1164 2599 1458 2650 veniebant
1510 2599 1806 2666 aliquando
1861 2599 2093 2650 latrones

161 2685 230 2737 ad
272 2687 613 2753 querendum
657 2705 855 2755 panem
896 2707 927 2739 a
968 2688 1237 2751 fratribUS‚
1285 2706 1351 2740 eo
1398 2688 1547 2756 quod
1587 2689 1678 2740 illa
1720 2690 1996 2755 provincia
2038 2691 2093 2739 in

160 2777 375 2843 magnis
418 2776 562 2827 silvis
604 2777 898 2829 latitabant
938 2786 992 2829 et
1033 2777 1330 2845 aliquando
1371 2778 1600 2829 exibant
1642 2778 1788 2829 foras
1829 2780 1883 2829 in
1922 2785 2093 2829 strata

160 2874 216 2917 et
245 2867 299 2916 in
327 2867 428 2917 viis
470 2866 539 2917 ad
580 2867 939 2933 expoliandos
979 2867 1241 2923 homines,
1328 2862 1496 2921 Unde
1535 2868 1759 2936 quidam
1803 2868 1992 2919 fratres
2019 2897 2090 2904 —-

161 2956 405 3006 conversi
434 2956 659 3008 fuerunt.

282 3099 398 3141 Text
428 3100 486 3157 of
507 3100 769 3155 Lemmens,
804 3105 963 3157 except
993 3100 1212 3144 tovaliam
1236 3103 1330 3159 for
1355 3102 1561 3145 tabulam
1595 3104 1658 3158 (p.
1697 3103 1768 3157 81,
1804 3102 1830 3144 1.
1867 3102 2090 3158 penult.):

160 3188 203 3230 p.
230 3175 301 3229 82,
325 3176 447 3230 ll.3-5
470 3190 479 3218 ε
516 3175 681 3231 petatis
704 3176 764 3219 ab
787 3175 853 3220 eis
875 3191 1034 3220 amore
1071 3176 1159 3221 Dei
1193 3179 1313 3221 hanc
1347 3177 1537 3234 primam
1572 3177 1856 3234 petitionem,
1880 3176 2094 3221 videlicet

162 3256 211 3292 ut
234 3249 502 3305 promittant
520 3250 649 3295 vobis
672 3252 796 3307 quod
818 3266 910 3295 non
933 3252 1189 3308 percutiant
1210 3252 1409 3310 aliquem
1432 3268 1518 3296 nec
1538 3253 1786 3309 quicquam
1800 3251 1905 3296 mali
1924 3251 2093 3296 faciant

162 3324 295 3368 alicui
328 3325 500 3369 homini
532 3325 578 3369 in
611 3341 839 3382 persona3
872 3327 1091 3383 quoniam
1125 3328 1160 3371 si
1195 3328 1349 3372 omnia
1388 3327 1570 3372 insimul
1602 3328 1768 3385 petatis
1803 3328 1869 3372 eis
1902 3328 2007 3384 (om.
2045 3329 2090 3370 in

162 3400 411 3450 Lemmens
435 3402 641 3460 through
665 3404 1080 3459 homoioteleuton).
1148 3405 1195 3447 P.
1224 3405 1296 3460 83,
1322 3406 1347 3448 l.
1372 3418 1399 3461 9
1419 3420 1429 3447 :
1465 3403 1530 3447 ita
1553 3402 1657 3464 (for
1675 3404 1771 3462 rei).

880 3568 895 3593 1
915 3567 985 3618 Cf.
1006 3568 1081 3608 fol.
1107 3578 1201 3607 1111·
1221 3569 1369 3608 above.

2384 3707 2428 3927 &fae-&r
2405 3662 2420 3674 v
2410 3518 2411 3521 „
