2411 3927
303 179 744 231 FORMERLY
786 181 867 231 IN
911 181 1075 232 THE
1117 162 1520 236 PHILLIPPS
1565 185 1915 238 LIBRARY
2000 202 2070 253 97

146 347 346 397 magne
391 331 514 382 fidei
545 331 592 383 b.
624 331 955 396 FranciSCUS‚
988 333 1137 399 quod
1166 334 1221 384 in
1251 335 1618 387 exterioribus
1646 345 1700 388 et
1728 338 2073 390 interioribus

143 420 416 472 Dominus
445 421 721 487 perfidem
751 439 909 473 suam
938 430 1051 473 tam
1084 440 1287 491 magna
1315 433 1370 475 et
1399 426 1572 477 multa
1602 428 1863 479 miracula
1885 446 2074 495 opera-

142 510 313 574 batur,
358 528 468 578 quo
508 510 578 561 ad
620 529 678 561 se
717 520 772 562 et
820 529 930 578 quo
967 512 1036 563 ad
1085 513 1238 576 alios,
1285 532 1392 581 que
1436 515 1672 568 vidimus
1717 526 1772 569 et
1818 520 2073 585 cognovi-

143 617 263 651 mus
317 618 418 652 nos
470 601 562 667 qui
618 601 814 652 suimus
868 619 992 652 cum
1061 603 1154 653 illo
1206 620 1373 669 parvo
1426 613 1686 672 tempore,
1744 609 1892 674 quod
1947 610 2076 660 satis

142 699 286 742 esset
339 690 565 757 longum
612 690 770 741 nobis
819 691 1049 743 scribere
1095 699 1149 743 et
1202 711 1430 748 narrare.
2410 756 2411 774 1

21 786 121 836 188
254 780 307 848 (f.
348 795 366 830 Ι
382 782 498 847 3OV)
531 779 780 842 Qualiter
807 781 863 835 S.
897 782 1206 832 Francz'scus
1231 782 1418 834 solitus
1444 794 1563 836 erat
1573 795 1699 852 post
1722 788 2076 840 comestionem
2094 783 2411 888 (Ῑὲθὲἓὶθέἒὲἒῗ

139 869 216 920 ire
242 869 645 934 cumfratribus
671 871 750 920 ad
768 870 1015 923 laborem.
2094 892 2177 943 82).
2228 867 2237 878 ¹
2410 878 2411 896 ³

254 959 394 1011 Cum
424 961 798 1011 sanctissimus
839 969 995 1028 pater
1036 970 1218 1013 noster
1260 963 1304 1013 F
1309 965 1581 1016 ranciscus
1621 966 1766 1033 apud
1796 968 2074 1020 ecclesiam

140 1048 193 1101 S.
230 1049 401 1100 Marie
428 1048 497 1100 de
524 1049 874 1102 Portiuncula
903 1050 1150 1117 quodam
1193 1060 1442 1120 tempore
1471 1066 1773 1108 moraretur
1799 1066 1855 1109 et
1884 1059 2075 1111 solitus

138 1148 281 1190 esset
309 1139 398 1190 die
429 1139 676 1206 quolibet
718 1149 842 1207 post
883 1143 1280 1194 comestionem
1322 1154 1512 1196 contra
1553 1147 1847 1202 otiositatis
1885 1149 2075 1200 vitium

138 1245 260 1279 cum
288 1230 397 1280 suis
426 1229 681 1281 fratribus
710 1231 765 1281 in
792 1231 978 1298 aliquo
1004 1250 1170 1298 opere
1192 1233 1466 1286 laborare:
1508 1236 1859 1288 considerans
1886 1247 2071 1291 autem

136 1335 234 1384 pro
276 1336 332 1369 se
372 1327 427 1370 et
468 1319 719 1371 fratribus
761 1322 871 1372 suis
913 1339 981 1372 ne
1013 1323 1237 1386 bonum,
1270 1324 1416 1390 quod
1459 1325 1703 1378 Domino
1744 1337 2075 1394 cooperante

135 1408 427 1460 lucraretur
467 1417 712 1477 tempore
743 1413 1022 1475 orationis,
1062 1422 1187 1480 post
1228 1416 1530 1467 orationem
1563 1434 1657 1483 per
1693 1418 1855 1469 verba
1895 1420 2072 1471 otiosa

135 1506 190 1549 et
252 1499 461 1550 inutilia
514 1501 693 1551 amitti
755 1510 956 1567 posset,
1010 1503 1081 1554 ad
1133 1504 1451 1557 evitandum
1511 1506 1725 1573 lapsum
1785 1505 2071 1566 Verborum

136 1585 437 1640 otiosorum
459 1590 546 1640 vel
576 1591 849 1642 inutilium
877 1593 1003 1643 talia
1026 1593 1297 1645 ordinavit
1325 1603 1380 1646 et
1398 1614 1428 1647 a
1450 1596 1706 1648 fratribus
1728 1598 2072 1651 observanda

136 1678 431 1731 mandavit.
514 1679 571 1731 Si
595 1682 718 1747 quis
743 1681 968 1733 fratrum
991 1700 1188 1734 vacans
1217 1685 1288 1736 ab
1311 1702 1474 1752 opere
1501 1687 1586 1736 vel
1614 1705 1846 1754 operans
1868 1688 2070 1756 aliquid

133 1798 205 1806 ——-
249 1768 462 1819 Fratres
504 1770 670 1822 etiam
707 1770 844 1823 alios
886 1772 1106 1824 nolebat
1148 1774 1208 1842 (1)
1250 1775 1365 1825 fore
1405 1774 1475 1826 ad
1515 1775 1807 1829 dicendum
1848 1778 2070 1831 easdam

134 1857 396 1910 sollicitos
425 1860 675 1912 similiter
703 1870 758 1913 et
787 1860 1032 1915 devotos,

247 1961 316 2016 (T
314 1966 392 2004 ext
410 1963 467 2020 of
479 1964 554 2005 the
580 1964 720 2007 latfer
734 1968 855 2021 part
884 1966 925 2008 is
957 1980 1127 2010 nearer
1152 1972 1198 2011 to
1230 1969 1305 2012 tlze
1342 1969 1583 2014 Lemmens
1609 1972 1854 2030 fragment
1882 1974 1999 2017 than
2021 1978 2067 2017 to

135 2036 380 2093 Sabatz'er.)

12 2152 30 2188 1
45 2140 116 2202 89
247 2129 299 2196 (f.
329 2144 347 2179 Ι
364 2142 390 2191 3
405 2144 423 2180 Ι
436 2132 474 2198 r)
500 2129 745 2193 Qualiter
761 2132 817 2184 S.
840 2132 1157 2185 Franczkcus
1171 2138 1476 2200 eratforma
1492 2147 1543 2188 et
1554 2136 1821 2205 exemplar
1832 2141 2068 2193 omnium
2085 2152 2330 2200 Lemmens‚
2344 2153 2411 2202 36·

131 2217 361 2270 aliorum
371 2221 644 2283 fratrum,
672 2229 756 2273 etc.
2083 2205 2314 2310 {2593}

246 2307 520 2376 Tempore
541 2310 683 2361 illius
705 2313 928 2379 capituli
951 2314 1206 2366 celebrati
1237 2317 1291 2367 in
1313 2317 1506 2368 eodem
1531 2318 1651 2370 loco
1673 2320 1728 2371 in
1749 2337 1858 2387 quo
1880 2322 2066 2373 fratres

131 2398 305 2463 primo
324 2400 472 2449 missi
499 2400 711 2452 fuerunt
731 2401 801 2452 ad
822 2403 1087 2469 quasdam
1110 2407 1416 2471 provincias
1440 2408 1887 2472 ultramontanaS,
1910 2411 2065 2463 finito

131 2487 381 2553 capitulQ
399 2489 445 2540 b.
470 2490 516 2540 F
520 2492 791 2543 ranciscus
810 2510 1096 2545 remanens
1115 2497 1170 2546 in
1188 2496 1432 2562 predicto
1454 2498 1573 2550 loco
1593 2517 1716 2551 curn
1734 2501 2063 2567 quibusdam

130 2575 379 2629 fratribus
425 2577 569 2630 dixit
615 2580 687 2631 ad
741 2582 891 2634 illos:
954 2583 1242 2636 Karissimi
1296 2586 1503 2651 fratres,
1551 2606 1638 2640 me
1683 2599 1905 2656 oportet
1947 2609 2069 2643 esse

132 2664 360 2717 formam
413 2675 468 2718 et
521 2671 838 2737 exemplum
892 2715 901 2724 .
955 2715 963 2724 .
1024 2718 1033 2727 .
1095 2677 1431 2741 provinciam
1484 2695 1590 2744 que
1643 2680 1714 2730 sit
1768 2682 1938 2748 magis
1991 2681 2065 2732 acl

131 2754 347 2807 laudem
390 2757 615 2810 Domini
656 2768 710 2811 et
751 2762 1053 2827 profectum
1095 2773 1150 2816 et
1190 2767 1421 2817 salutem
1463 2770 1768 2821 animarum
1796 2778 1851 2821 et
1878 2780 2070 2823 nostre

39 2859 44 2866 ⁸
130 2844 407 2911 religionis
435 2847 640 2899 bonum
670 2853 1000 2918 exemplum.

244 2934 388 2986 Nam
410 2953 529 2987 mos
555 2942 1022 2994 erat‘sanctissimi
1051 2946 1224 3010 patris
1254 2963 1364 2997 non
1393 2948 1570 2999 solum
1599 2966 1721 3000 cum
1750 2949 1819 3000 ad
1848 2950 2069 3017 longina

128 3040 292 3089 quam
322 3026 651 3090 provinciam
680 3029 780 3080 iret
816 3030 884 3081 ad
925 3033 1314 3098 predicandum
1356 3037 1453 3087 sed
1493 3038 1655 3088 etiam
1684 3056 1807 3089 cum
1835 3040 1934 3091 iret
1963 3058 2069 3107 per·

127 3110 436 3177 adjacentes
479 3117 785 3181 provincias
826 3137 981 3172 orare
1022 3122 1326 3175 Dominum
1369 3134 1423 3176 et
1463 3126 1651 3177 fratres
1690 3127 1759 3178 ad
1788 3129 2058 3181 orandum-¹

128 3203 355 3265 mittere,
385 3211 458 3266 ut,
487 3205 812 3274 ubicumque
840 3217 982 3260 esset
1010 3212 1200 3264 melius
1228 3216 1528 3267 secundum
1556 3216 1750 3279 Deum,
1783 3217 2062 3271 Dominus

126 3291 382 3359 dirigeret
410 3311 503 3344 cor
530 3312 688 3347 suum
718 3296 786 3348 ad
816 3300 1210 3353 ambulandum
1240 3304 1378 3356 illue.

241 3382 465 3434 Iverunt
494 3384 682 3436 fratres
710 3386 781 3437 ad
802 3389 1102 3441 orationem
1143 3435 1152 3445 .
1196 3435 1205 3444 .
1251 3434 1262 3444 .
1306 3402 1365 3444 ut
1392 3412 1586 3461 corpus
1616 3395 1819 3448 Christi
1848 3398 1903 3448 in
1932 3399 2055 3450 loco

124 3470 271 3522 bono
311 3480 365 3524 et
403 3473 637 3525 honesto
684 3476 1044 3531 collocarent:
1097 3482 1248 3547 quod
1295 3485 1340 3534 si
1387 3501 1500 3535 non
1541 3486 1787 3549 facerent,
1829 3489 2051 3540 volebat

124 3560 274 3626 quod
320 3562 508 3614 fratres
562 3563 698 3615 illud
750 3576 986 3633 agerent.
1074 3570 1251 3621 Immo
1303 3573 1540 3639 quodam
1588 3583 1832 3642 tempore
1878 3578 2050 3629 voluit

273 3648 408 3690 VOL.
437 3650 492 3690 V.
1079 3658 1110 3709 7
