2449 3927
362 195 800 247 FORMERLY
846 195 926 245 IN
973 195 1139 244 THE
1182 194 1582 246 PHILLIPPS
1628 195 1977 246 LIBRARY
2063 211 2137 260 49

205 345 450 402 omnibus).
520 346 737 402 Opposita
762 347 784 403 ἓ
812 357 862 386 21
889 359 896 386 :
936 345 1060 387 Nota
1083 345 1133 386 in
1168 344 1368 400 margin.
1442 346 1464 402 ξ
1492 345 1578 386 26:
1615 358 1701 387 nec
1732 343 2032 389 discurrendo
2057 345 2139 389 cir-

204 435 494 477 cumquaque
532 420 680 477 potuit
717 419 907 477 reperire
945 419 1187 475 quesitum.
1257 422 1279 479 3}
1322 432 1406 473 32:
1443 420 1625 475 pulsare
1668 420 1778 477 (for
1809 424 2011 478 sonare).

115 524 180 573 61
318 513 370 579 (f.
401 515 516 580 91f)
556 512 838 575 Defratre
863 511 1140 560 Bernardo
1167 511 1414 577 quomodo
1443 511 1547 560 ivit
1570 511 1884 563 Bononiam.
2156 529 2288 568 Actus
2308 543 2347 580 4.

321 602 593 668 Quoniam
634 602 825 653 beatus
866 609 1018 666 pater
1059 600 1378 651 Franciscus
1420 609 1533 651 tam
1578 602 1660 651 sui
1701 618 1867 667 quam
1910 603 2026 668 ipse
2068 602 2135 653 de

206 710 361 743 cruce
409 693 580 744 fuerat
619 722 690 729 ——
733 699 991 756 ceperunt
1036 691 1155 741 loca
1219 691 1454 756 plurima
1515 692 1954 758 circumquaque.
2041 692 2137 742 Ad

206 782 419 834 laudem
451 782 666 834 Christi.
747 780 945 831 Amen.

320 898 424 955 §23
461 912 645 941 crucem
678 932 687 941 .
723 932 731 940 .
767 931 776 940 .
811 895 973 940 virtute
1003 898 1055 952 (l)
1097 897 1205 954 (for
1221 896 1498 939 Crucifixum
1532 930 1541 939 .
1576 931 1584 939 .
1621 931 1630 939 .
1665 895 1841 953 victu):
1883 898 2141 954 bajulantes
2178 937 2181 946 ,

204 974 271 1019 i.e.
289 982 534 1030 portantes,
592 976 695 1033 §4:
734 971 844 1016 abiit
863 975 878 1026 (
878 972 1126 1031 foradiit).
1183 972 1290 1030 §62
1329 974 1455 1015 Nam
1480 972 1629 1015 factus
1647 980 1717 1015 est
1750 1007 1759 1016 .
1795 1007 1804 1015 .
1839 1007 1848 1016 .
1885 972 2139 1028 hominum,

203 1059 253 1094 ut
288 1051 470 1094 Christo
502 1065 612 1094 vere
636 1049 882 1093 conformis
917 1057 1038 1093 esset
1071 1057 1117 1093 et
1149 1048 1411 1105 discipulus.
1481 1050 1534 1091 In
1567 1050 1723 1105 platea
1757 1056 1912 1092 autem
1946 1049 2142 1093 civitatis

203 1127 406 1183 predicte
440 1141 489 1170 se
524 1161 532 1170 .
569 1161 578 1170 .
613 1161 622 1169 .
658 1127 718 1169 ab
752 1125 978 1169 omnibus.
1060 1127 1082 1183 g
1110 1137 1162 1178 7:
1201 1124 1337 1168 ceteri
1374 1125 1484 1183 (sor
1501 1124 1622 1168 circa
1655 1127 1794 1181 eum).
1861 1126 1922 1169 Et
1954 1124 2141 1181 quidam

204 1204 446 1246 trahebant
469 1216 576 1245 eum
598 1216 680 1257 per
702 1201 948 1257 caputium.
1018 1204 1040 1261 g
1067 1201 1092 1243 8
1114 1216 1121 1243 ;
1161 1200 1340 1256 penitus
1363 1200 1575 1257 penitens
1610 1200 1721 1244 alias
1754 1200 1967 1244 renitens.
2034 1203 2056 1259 ἕ
2081 1215 2108 1257 9
2130 1217 2138 1245 :

204 1293 384 1335 semper
405 1293 499 1322 non
522 1279 756 1321 turbatum
792 1277 1000 1321 animum
1033 1279 1126 1321 leta
1160 1277 1273 1321 facie
1307 1278 1588 1321 ostendebat.
1657 1280 1679 1337 ξ
1721 1290 1802 1320 12:
1840 1277 2026 1333 protulit
2058 1292 2140 1321 seu

200 1353 401 1397 extraxit.
470 1356 493 1414 ξ
525 1366 607 1407 14:
644 1353 898 1397 audiverim
927 1355 1033 1411 (for
1048 1353 1275 1410 viderim).
1346 1355 1368 1411 ξ
1399 1365 1481 1410 15:
1518 1362 1589 1396 est
1623 1354 1843 1396 colendus
1879 1355 1988 1411 (for
2003 1355 2141 1397 extol-

200 1430 396 1486 lendus).
465 1432 488 1490 g
519 1430 601 1472 16:
638 1429 675 1472 si
699 1429 829 1473 vobis
863 1431 1016 1473 locum
1049 1438 1209 1486 aptum
1243 1429 1408 1486 aliquis
1442 1429 1690 1473 exhiberet.
1760 1433 1782 1490 ξ
1814 1440 1896 1482 17:
1931 1431 2030 1473 add
2044 1446 2060 1472 .·
2095 1438 2141 1473 et

200 1505 305 1550 ideo
326 1505 608 1549 oblationem
630 1514 830 1549 vestram
854 1506 913 1548 ad
936 1507 1159 1549 honorem
1193 1505 1361 1549 Christi
1388 1505 1583 1549 libenter
1606 1513 1794 1561 accepto
1826 1505 1905 1564 [cs.
1930 1507 2140 1561 Fieretti,

205 1582 259 1641 5].
327 1585 350 1642 ,ξ
382 1595 464 1638 19:
502 1583 575 1625 Fr.
611 1596 723 1625 vero
746 1583 1009 1625 Bernardus
1032 1596 1114 1637 per
1146 1596 1278 1625 suam
1311 1590 1517 1625 sanctam
1549 1617 1558 1626 .
1594 1616 1602 1625 .
1639 1617 1647 1625 .
1683 1582 1810 1638 quod
1845 1591 2054 1625 sanctum
2091 1596 2140 1625 se

198 1659 392 1713 putabat
429 1657 506 1713 qui
542 1657 670 1700 illum
698 1666 891 1714 tangere
925 1666 1105 1715 poterat
1138 1660 1213 1701 vel
1250 1657 1404 1701 videre
1438 1658 1511 1716 [cf.
1551 1658 1676 1715 Spec.
1732 1659 1876 1717 Vz'tce]:
1982 1660 2005 1717 g
2052 1671 2138 1701 20:

199 1733 402 1791 quietem
434 1733 638 1790 corporis
671 1734 740 1776 sui
773 1742 817 1777 et
855 1733 1005 1777 anime
1043 1735 1253 1777 salutem.
1323 1735 1344 1792 ,ξ
1373 1747 1457 1777 22:
1495 1742 1660 1777 cuncta
1699 1735 1809 1792 (for
1839 1736 2016 1791 tanta):
2053 1748 2141 1790 que

199 1824 280 1866 per
319 1809 556 1852 dominum
597 1810 787 1853 fratrem
827 1812 960 1853 Bern.
1000 1818 1188 1865 operata
1227 1810 1407 1853 fuerant
1431 1812 1504 1867 (l).

110 1908 179 1958 62
312 1913 366 1980 (f.
401 1915 513 1981 92¹)
559 1914 645 1963 De
660 1914 906 1981 gratiosa
935 1923 1099 1964 morte
1120 1914 1299 1964 sancti
1307 1914 1516 1978 fratris
1542 1914 1827 1968 Bernardz'.
2152 1933 2284 1973 Actus
2303 1942 2342 1982 5.

314 2003 522 2054 Tancte
568 2004 686 2071 (sic)
734 2005 1039 2054 sanctitatis
1085 2012 1199 2055 erat
1246 2004 1307 2056 fr.
1356 2003 1664 2055 Bernardus
1713 2004 1863 2071 quod
1907 2013 2132 2056 sanctus

199 2093 530 2156 Franciscus,
572 2093 704 2144 dum
746 2095 962 2157 viveret,
1008 2111 1210 2160 magno
1252 2095 1404 2145 illum
1434 2095 1725 2145 verabatur
1757 2095 1954 2147 affectu
1986 2126 2131 2136 ---

199 2200 324 2234 cum
351 2185 576 2234 victoria
605 2184 704 2234 sibi
734 2202 764 2235 a
794 2184 1016 2236 Christo
1059 2193 1187 2235 ante
1220 2175 1484 2250 promissa
1525 2184 1596 2235 ad
1635 2184 1836 2250 gaudia
1881 2186 2134 2236 transivit

198 2273 534 2340 angelorum.
618 2273 714 2324 Ad
744 2274 961 2325 laudem
991 2283 1045 2325 et
1074 2275 1306 2341 gloriam
1337 2275 1581 2325 Domini.
1664 2274 1866 2327 Amen.

311 2377 334 2434 ξ
376 2387 431 2429 4:
467 2384 511 2419 et
549 2377 736 2419 sedulus
771 2378 882 2434 (for
907 2377 1175 2433 sollicitus);
1211 2376 1457 2420 Francisce
1495 2378 1604 2434 (sor
1635 2378 1827 2434 Frater).
1903 2382 1925 2440 ξ
1962 2379 2017 2421 8:
2055 2379 2139 2422 ad-

196 2451 413 2496 mirabilis
440 2454 546 2512 (jor
578 2452 840 2509 amabilis);
874 2452 1042 2496 moriar
1075 2456 1185 2510 (for
1202 2453 1455 2512 moriatur).
1518 2453 1540 2510 ἓ
1587 2466 1642 2509 9;
1679 2452 1826 2497 sancti
1860 2455 1966 2512 Uer
1982 2454 2141 2511 senis).

201 2530 224 2587 ξ
254 2540 336 2570 10:
376 2542 511 2572 cecus
534 2529 644 2587 (sor
671 2529 967 2587 caecutiens).
1036 2532 1058 2588 ᾗ
1090 2543 1137 2573 11
1164 2545 1172 2573 :
1208 2545 1372 2573 manus
1406 2530 1684 2573 cancellatas
1707 2530 1905 2574 brachiis
1928 2546 2142 2575 commu-s

200 2605 340 2648 tando
379 2606 488 2663 <sor
517 2605 717 2649 brachiis
739 2632 796 2636 -——
819 2608 1017 2664 manus).
1086 2611 1109 2667 g
1155 2618 1237 2663 15:
1273 2606 1510 2651 Minorum
1551 2607 1664 2665 (for
1697 2615 1911 2665 tuorum).
1979 2610 2000 2665 ᾗ
2047 2609 2099 2650 16
2121 2623 2137 2651 ;;

199 2680 379 2724 emittas
416 2682 527 2739 (for
553 2681 852 2739 emittantur).

111 2770 179 2833 63
314 2774 368 2840 (f.
400 2776 519 2841 92³⁷)
559 2775 644 2824 De
670 2775 888 2843 jejunio
920 2775 1362 2842 Quadragenarz'o
1390 2774 1531 2824 beati
1553 2774 1840 2826 Franczlvci.
2144 2783 2275 2823 Actus
2295 2785 2335 2824 6.

310 2864 646 2916 Verissimus
707 2883 894 2916 servus
934 2896 1005 2902 —-
1050 2864 1354 2931 predictam
1417 2866 1537 2916 ΧΙΜΠ
1604 2866 1906 2917 celebravit.
2034 2865 2129 2917 Ad

201 2952 417 3004 laudem
466 2954 681 3007 Christi.
778 2954 976 3006 Amen.

316 3059 338 3116 ἕ
376 3069 431 3111 3:
474 3044 598 3100 Nam
620 3030 725 3100 cum
747 3064 868 3100 esset
894 3056 939 3099 in
963 3056 1188 3101 territorio
1208 3057 1430 3101 Perusino
1452 3059 1578 3113 juxta
1612 3059 1765 3100 lacum
1800 3091 1809 3100 .
1846 3090 1855 3099 .
1895 3090 1903 3099 .
1938 3089 1948 3100 .
1981 3065 2126 3100 trans-

198 3140 401 3188 portaret
422 3132 467 3175 in
489 3140 635 3188 nocte,
662 3132 753 3176 scil.
778 3141 884 3176 ante
902 3133 1020 3177 diem
1040 3133 1269 3188 Cinerum‚
1290 3133 1355 3177 ita
1375 3134 1500 3189 quod
1516 3134 1666 3176 nullus
1685 3133 1955 3176 adverteret.
2024 3134 2046 3191 ξ
2067 3145 2095 3187 4
2115 3148 2126 3176 t

203 3209 284 3252 Ille
304 3222 414 3251 vero
436 3209 602 3264 hospes
636 3242 645 3251 .
679 3242 687 3251 .
725 3242 734 3251 .
773 3209 912 3252 Unde
935 3209 1126 3252 surrexit
1159 3209 1218 3252 de
1251 3217 1384 3253 nocte
1416 3218 1462 3252 et
1496 3208 1686 3265 paravit.
1753 3211 1775 3267 g
1805 3219 1857 3263 5:
1894 3209 2128 3264 portavit3

199 3298 344 3340 panes
365 3298 548 3340 parvos.
595 3284 617 3341 ἕ
642 3285 670 3326 6
691 3299 698 3327 ;
735 3285 862 3340 quod
883 3299 932 3328 se
954 3299 1045 3327 non
1067 3284 1153 3328 nisi
1176 3284 1221 3328 in
1246 3285 1320 3329 die
1342 3285 1466 3341 Jovis
1488 3292 1648 3329 sancta
1676 3283 1922 3340 requireret
1940 3301 1951 3337 3
1990 3285 2129 3341 porti-

199 3368 297 3404 tore
318 3374 427 3403 vero
448 3374 532 3403 suo
552 3360 794 3403 recedente
817 3360 874 3403 de
902 3359 1052 3403 insula
1075 3369 1258 3404 sanctus
1279 3361 1551 3405 Franciscus
1573 3363 1698 3404 solus
1716 3360 1944 3405 remansit.
2025 3362 2047 3419 ἓ
2069 3374 2093 3415 7
2114 3378 2126 3406 ε

197 3436 464 3494 depressam
486 3435 595 3494 (for
611 3436 836 3495 densam).
906 3435 928 3493 ἕ
960 3449 976 3478 1
991 3449 1007 3479 1
1033 3451 1041 3479 :
1078 3435 1123 3479 in
1146 3435 1222 3480 illa
1245 3452 1300 3481 ex
1323 3446 1430 3481 tunc
1460 3436 1764 3480 habitationes
1798 3445 2057 3481 construere
2081 3448 2128 3482 et

198 3545 207 3554 .
244 3546 253 3554 .
292 3545 301 3554 .
338 3512 510 3556 factum
533 3520 602 3555 est
625 3519 825 3555 castrum
847 3526 1068 3567 magnum
1090 3520 1136 3556 et
1159 3514 1347 3568 bonum,
1372 3522 1416 3557 et
1438 3521 1506 3557 est
1523 3512 1663 3557 etiam
1684 3512 1744 3556 ibi
1778 3515 1903 3557 locus
1937 3514 2124 3558 fratrum

197 3585 274 3642 qui
297 3585 461 3630 dicitur
481 3586 629 3630 insula
651 3586 736 3645 [cf.
762 3588 970 3642 Fz'orettz'‚
999 3589 1056 3648 7].

351 3662 482 3702 VOL.
509 3663 562 3702 v.
1142 3667 1176 3715 4
