2449 3927
215 194 283 243 92
351 179 874 231 DESCRIPTION
902 180 1000 231 OF
1021 180 1076 230 A
1100 180 1600 233 FRANCISCAN
1630 181 2134 235 MANUSCRIPT

210 348 317 396 que
344 331 399 381 in
425 338 635 396 partem
663 331 886 382 alteram
915 332 1170 383 inclinata
1197 334 1353 398 aquis
1382 332 1588 398 repleta
1617 339 1713 383 est.
1798 331 1924 383 Una
1952 341 2133 385 autem

209 419 426 470 illarum
470 420 768 482 mulierum,
799 438 906 487 que
945 421 992 472 b.
1042 421 1332 472 Francisco
1374 420 1503 472 dum
1546 422 1750 471 viveret
1791 429 1922 472 nota
1963 422 2135 474 fuerat

209 509 420 572 devota,
451 527 674 561 cernens
702 510 803 561 sibi
831 519 886 561 et
914 511 1071 561 sociis
1102 512 1295 561 mortis
1325 511 1624 577 periculum
1670 511 1965 574 imminere,
1994 513 2135 577 cepit

208 615 413 649 nomen
456 599 500 651 b.
545 599 815 650 Francisci
850 600 1051 664 junctis
1093 601 1344 651 manibus
1385 602 1647 651 invocare.
1732 598 1826 649 Ad
1868 600 2018 665 cujus
2058 602 2135 651 in-

207 689 565 750 vocationem,
613 688 858 740 mirabile
899 688 1063 752 dictn,
1111 698 1164 740 et
1215 690 1461 740 navicula
1503 690 1662 756 plena
1705 707 1847 756 aqua
1887 707 1956 741 ne
1999 708 2137 742 mer-

206 786 422 844 geretur
462 778 870 830 sustentabatur
908 788 963 830 et
1002 780 1146 830 ensis
1185 779 1417 845 desuper
1456 779 1731 839 enatabat,
1769 787 1822 830 et
1862 780 2137 832 elemento

205 866 440 918 fluxibili
469 867 703 919 solidato
729 875 783 919 et
817 868 1062 919 calcabili
1090 868 1185 919 sed
1214 869 1427 919 sedibili
1456 869 1613 931 factO,
1642 868 1853 919 nullum
1889 868 2136 922 homines

205 956 279 1006 illi
307 957 558 1008 mulieres
586 966 640 1008 et
668 959 920 1023 parvulus
949 960 1090 1024 passi
1120 966 1247 1009 sunt
1275 958 1342 1009 de
1369 976 1435 1009 eo
1463 957 1612 1025 quod
1644 960 1989 1026 contingerat
2020 960 2134 1028 (sic)

204 1044 605 1098 detrimentum.

84 1149 187 1213 176
316 1136 368 1203 (f.
410 1138 552 1204 128¹)
597 1136 843 1199 Qualiter
864 1137 1082 1203 quidam
1118 1137 1207 1187 vir
1221 1144 1432 1202 propter
1467 1137 1663 1187 vulnus
1685 1137 1937 1205 fistulam
1972 1138 2132 1204 patie-
2151 1155 2221 1207 Cf.
2243 1156 2405 1206 Celano,

204 1225 364 1276 batur
386 1234 436 1276 et
459 1225 711 1276 liberatus
737 1235 816 1276 est
826 1236 929 1292 per
951 1226 992 1278 b.
1025 1227 1380 1278 Franczlrcum.
2150 1210 2362 1260 Miraeffla'
2377 1222 2437 1264 ¹⁹4

318 1314 557 1381 Quidam
587 1317 668 1366 vir
695 1317 746 1367 in
778 1318 1023 1382 partibus
1053 1317 1324 1368 Romanie
1353 1324 1573 1382 propter
1604 1317 1807 1367 vulnus
1834 1317 2129 1384 quoddam,

201 1404 349 1471 quod
379 1405 478 1455 sibi
507 1404 679 1456 fuerat
719 1405 954 1467 illatum,
980 1405 1215 1457 fistulam
1244 1406 1549 1472 patiebatur
1577 1408 1632 1457 in
1676 1406 1905 1458 renibus,
1966 1407 2133 1472 Cujus

201 1493 550 1545 afflictionem
577 1503 730 1560 pater
758 1503 812 1545 et
834 1494 1245 1546 mestitudinem
1272 1496 1577 1557 miseratus,
1602 1513 1730 1547 eum
1762 1496 1810 1548 b.
1845 1496 1890 1546 F
1895 1498 2132 1548 rancisco

200 1583 432 1636 devovit.
506 1585 725 1635 Emisso
744 1585 906 1651 igitur
922 1593 1068 1647 voto,
1094 1586 1277 1636 statim
1301 1585 1556 1647 infirmus,
1583 1587 1849 1653 pruritum
1872 1603 2133 1653 magnum

201 1674 323 1724 loco
352 1673 530 1725 fistule
557 1675 811 1736 sentien5‚
831 1674 953 1726 fecit
976 1675 1250 1741 ligamina,
1273 1693 1380 1742 que
1401 1684 1556 1726 erant
1574 1675 1822 1742 desuper,
1851 1679 2131 1730 removeri.
2447 1685 2449 1746 l

201 1764 414 1831 Quibus
442 1766 666 1815 remotis
694 1772 746 1815 et
775 1766 1013 1816 licinium
1044 1765 1110 1815 de
1149 1765 1372 1816 vulnere
1414 1774 1741 1829 extractum,
1781 1767 2038 1833 apparuit
2076 1774 2131 1818 et

199 1853 433 1905 fistulam
474 1854 589 1921 (sic)
630 1862 743 1905 tam
788 1855 1016 1906 mirabili
1060 1854 1224 1905 modo
1254 1863 1445 1906 sanata
1473 1855 1624 1922 quod
1667 1873 1767 1907 nec
1807 1857 2130 1923 interruptio

200 1944 272 1994 ibi
301 1944 481 2010 aliqua
509 1942 739 1995 discerni
767 1952 984 2010 poterat
1010 1962 1106 1995 nec
1136 1946 1375 1997 cicatriX.

79 2042 178 2094 177
298 2032 354 2101 (f,
408 2035 552 2100 128¹)
595 2032 840 2095 Qualiter
870 2034 1094 2100 quedam
1124 2035 1339 2084 damma
1363 2036 1614 2101 fistulam
1639 2034 1829 2087 habuit
1864 2036 1919 2086 in
1936 2045 2135 2103 pectore
2149 2051 2218 2105 Cf.
2240 2050 2402 2097 celano,

199 2131 250 2173 et
272 2122 524 2173 liberatus
550 2122 671 2192 (sic)
697 2132 776 2173 est
788 2186 791 2188 Β
793 2133 891 2188 per
914 2123 956 2174 b.
988 2124 1344 2175 Francis-cum.
2148 2103 2356 2151 πωπω
2371 2112 2449 2153 ¹⁹3·

314 2212 563 2278 Quedam
606 2212 827 2264 domina
866 2213 1103 2264 fistulam
1145 2214 1197 2264 in
1241 2221 1460 2280 pectore
1502 2216 1719 2281 patiens
1762 2216 2001 2283 quadam
2043 2216 2130 2268 die

198 2302 295 2353 ivit
321 2301 389 2352 ad
431 2303 615 2353 locum
658 2303 904 2355 fratrum.
986 2304 1236 2370 Cumque
1264 2312 1430 2356 staret
1463 2306 1516 2356 in
1561 2306 1788 2358 ecclesia
1829 2315 1883 2358 et
1922 2306 2131 2358 videret

196 2391 470 2457 quendam
500 2392 744 2442 libellum
775 2393 860 2459 ibi,
893 2393 1248 2461 interrogavit
1289 2394 1598 2460 cujusmodi
1629 2396 1764 2447 liber
1790 2405 1948 2449 esset.
2027 2397 2128 2449 Cui

199 2498 520 2547 responsum
550 2490 632 2532 est
658 2481 810 2548 quod
838 2491 953 2533 erat
982 2482 1214 2549 legenda
1255 2484 1304 2536 b.
1338 2485 1624 2537 Francisci.
1709 2486 1876 2553 911οἀ
1905 2486 2130 2538 audiens

198 2588 321 2622 cum
352 2589 551 2638 magna
580 2572 874 2624 devotione
902 2581 1191 2640 acceptans
1220 2575 1487 2642 expandit
1516 2594 1679 2642 supra
1719 2585 1910 2643 pectus
1951 2594 2124 2639 suum,

197 2659 509 2712 desiderans
547 2662 646 2712 sibi
690 2662 737 2714 b,
773 2662 1046 2714 Francisci
1090 2666 1291 2721 meritis
1333 2665 1629 2717 subvenire.
1734 2666 1855 2732 Que
1902 2666 2128 2718 domurn

197 2751 502 2817 regrediens
550 2770 648 2803 nec
694 2753 837 2804 ultus
878 2754 988 2820 (sic)
1030 2755 1197 2805 sensit
1244 2754 1311 2805 de
1353 2763 1534 2806 cetero
1580 2773 1682 2806 nec
1721 2756 1904 2807 videre
1945 2752 2127 2823 potuit

197 2841 386 2891 ulceris
433 2842 752 2893 cicatricem.
1568 2909 1569 2912 Ἴ

76 2945 175 3006 178
309 2928 361 2997 (f.
393 2932 541 2998 128V)
583 2931 825 2993 Qualiter
839 2932 1055 2998 quidam
1057 2935 1243 2997 frater
1260 2934 1511 2985 liberatus
1526 2943 1605 2994 est
1606 2945 1709 3001 per
1723 2936 1762 2987 b.
1787 2936 2125 2987 Franczlrcum

194 3019 255 3069 de
281 3020 452 3069 dolore
478 3021 713 3072 dentium
740 3030 826 3072 etc,

308 3108 550 3175 Quidam
581 3110 742 3161 frater
782 3128 903 3162 cum
946 3113 998 3162 in
1041 3121 1180 3163 terra
1221 3113 1643 3166 Sarracenorum
1687 3117 1947 3167 existeret
1975 3115 2123 3166 omni

195 3199 302 3249 fere
342 3199 583 3251 humano
625 3202 830 3251 auxilio
873 3201 1164 3253 destitutus
1205 3202 1391 3254 dolore
1432 3204 1612 3255 dentis
1652 3207 1795 3272 cepit
1832 3205 2122 3256 vehemen-

193 3289 400 3339 tissime
446 3292 730 3357 perurgeri.
831 3291 1079 3358 Cumque
1132 3292 1235 3343 hoc
1289 3293 1476 3344 dolore
1530 3294 1733 3346 diutius
1779 3302 2122 3361 torqueretur

193 3377 518 3444 sibimetipsi
548 3381 888 3446 compatiens
918 3380 1314 3432 lacrimabiliter
1342 3382 1487 3433 beati
1520 3384 1787 3434 Francisci
1816 3382 2116 3434 subsidium

193 3464 459 3530 flagitavit
487 3470 771 3534 applicans
800 3469 868 3519 ad
912 3470 1091 3521 locum
1135 3470 1336 3522 doloris
1377 3490 1590 3524 crucem
1620 3490 1786 3525 unam
1819 3473 2018 3523 factam
2049 3471 2116 3522 de

193 3554 357 3617 ipsius
410 3559 591 3608 tunica
644 3567 959 3611 reverenter.
1065 3560 1190 3626 9110
1245 3562 1386 3612 facto
1440 3564 1619 3614 omnis
1673 3563 1814 3613 illius
1870 3562 2117 3628 angustie
