<?xml version="1.0" encoding="UTF-8"?>
<!DOCTYPE html PUBLIC "-//W3C//DTD XHTML 1.0 Transitional//EN"
    "http://www.w3.org/TR/xhtml1/DTD/xhtml1-transitional.dtd">
<html xmlns="http://www.w3.org/1999/xhtml" xml:lang="en" lang="en">
 <head>
  <title>
</title>
<meta http-equiv="Content-Type" content="text/html;charset=utf-8" />
  <meta name='ocr-system' content='tesseract 3.04.00' />
  <meta name='ocr-capabilities' content='ocr_page ocr_carea ocr_par ocr_line ocrx_word'/>
</head>
<body>
  <div class='ocr_page' id='page_1' title='image "./collectaneafranc00litt_0064.png"; bbox 0 0 2449 3927; ppageno 0'>
   <div class='ocr_carea' id='block_1_1' title="bbox 260 203 2171 272">
    <p class='ocr_par' dir='ltr' id='par_1_1' title="bbox 260 203 2171 272">
     <span class='ocr_line' id='line_1_1' title="bbox 260 203 2171 272; baseline -0.002 -16"><span class='ocrx_word' id='word_1_1' title='bbox 260 218 325 272; x_wconf 86' lang='lat'>52</span> <span class='ocrx_word' id='word_1_2' title='bbox 383 206 908 258; x_wconf 72' lang='lat' dir='ltr'><strong>DESCRIPTION</strong></span> <span class='ocrx_word' id='word_1_3' title='bbox 937 205 1034 256; x_wconf 72' lang='lat' dir='ltr'>OF</span> <span class='ocrx_word' id='word_1_4' title='bbox 1057 204 1111 256; x_wconf 82' lang='lat' dir='ltr'>A</span> <span class='ocrx_word' id='word_1_5' title='bbox 1135 203 1633 255; x_wconf 61' lang='lat' dir='ltr'>FRANCtSCAN</span> <span class='ocrx_word' id='word_1_6' title='bbox 1664 203 2171 255; x_wconf 73' lang='lat' dir='ltr'>MANUSCRIPT</span> 
     </span>
    </p>
   </div>
   <div class='ocr_carea' id='block_1_2' title="bbox 252 355 2176 589">
    <p class='ocr_par' dir='ltr' id='par_1_2' title="bbox 252 355 2176 589">
     <span class='ocr_line' id='line_1_2' title="bbox 368 355 2175 409; baseline -0.003 0"><span class='ocrx_word' id='word_1_7' title='bbox 368 357 548 409; x_wconf 85' lang='lat' dir='ltr'>Semel</span> <span class='ocrx_word' id='word_1_8' title='bbox 615 365 835 408; x_wconf 89' lang='lat' dir='ltr'>sanctus</span> <span class='ocrx_word' id='word_1_9' title='bbox 892 357 1205 409; x_wconf 82' lang='lat' dir='ltr'>Franciscus</span> <span class='ocrx_word' id='word_1_10' title='bbox 1263 373 1386 405; x_wconf 87' lang='lat' dir='ltr'>curn</span> <span class='ocrx_word' id='word_1_11' title='bbox 1443 357 1606 406; x_wconf 88' lang='lat' dir='ltr'>fratre</span> <span class='ocrx_word' id='word_1_12' title='bbox 1673 355 1893 404; x_wconf 88' lang='lat' dir='ltr'>Masseo</span> <span class='ocrx_word' id='word_1_13' title='bbox 1934 385 2078 391; x_wconf 89' lang='lat'>——</span> <span class='ocrx_word' id='word_1_14' title='bbox 2120 356 2175 405; x_wconf 91' lang='lat' dir='ltr'>in</span> 
     </span>
     <span class='ocr_line' id='line_1_3' title="bbox 254 436 2176 511; baseline -0.002 -13"><span class='ocrx_word' id='word_1_15' title='bbox 254 447 507 498; x_wconf 89' lang='lat' dir='ltr'>omnibus</span> <span class='ocrx_word' id='word_1_16' title='bbox 537 448 646 498; x_wconf 91' lang='lat' dir='ltr'>suis</span> <span class='ocrx_word' id='word_1_17' title='bbox 678 447 888 498; x_wconf 91' lang='lat' dir='ltr'>actibus</span> <span class='ocrx_word' id='word_1_18' title='bbox 929 446 1110 496; x_wconf 83' lang='lat' dir='ltr'><strong>divine</strong></span> <span class='ocrx_word' id='word_1_19' title='bbox 1150 446 1415 511; x_wconf 80' lang='lat' dir='ltr'>sapientie</span> <span class='ocrx_word' id='word_1_20' title='bbox 1444 444 1678 511; x_wconf 85' lang='lat' dir='ltr'>Spiritus</span> <span class='ocrx_word' id='word_1_21' title='bbox 1719 436 2028 510; x_wconf 79' lang='lat' dir='ltr'>dirigebat.¹</span> <span class='ocrx_word' id='word_1_22' title='bbox 2084 443 2176 494; x_wconf 86' lang='lat' dir='ltr'>Ad</span> 
     </span>
     <span class='ocr_line' id='line_1_4' title="bbox 252 535 1033 589; baseline -0.003 -2"><span class='ocrx_word' id='word_1_23' title='bbox 252 535 468 587; x_wconf 85' lang='lat' dir='ltr'>laudern</span> <span class='ocrx_word' id='word_1_24' title='bbox 515 537 731 589; x_wconf 82' lang='lat' dir='ltr'><strong>Christi.</strong></span> <span class='ocrx_word' id='word_1_25' title='bbox 834 536 1033 586; x_wconf 85' lang='lat' dir='ltr'>Amen.</span> 
     </span>
    </p>
   </div>
   <div class='ocr_carea' id='block_1_3' title="bbox 241 649 2184 1550">
    <p class='ocr_par' dir='ltr' id='par_1_3' title="bbox 241 649 2184 1550">
     <span class='ocr_line' id='line_1_5' title="bbox 365 649 2180 710; baseline -0.002 -14"><span class='ocrx_word' id='word_1_26' title='bbox 365 653 388 710; x_wconf 59' lang='grc' dir='ltr'><strong>ἕ</strong></span> <span class='ocrx_word' id='word_1_27' title='bbox 415 666 438 696; x_wconf 93' lang='grc'>2</span> <span class='ocrx_word' id='word_1_28' title='bbox 460 668 469 696; x_wconf 91' lang='lat'>:</span> <span class='ocrx_word' id='word_1_29' title='bbox 508 655 582 696; x_wconf 87' lang='lat' dir='ltr'>Fr.</span> <span class='ocrx_word' id='word_1_30' title='bbox 620 655 833 696; x_wconf 91' lang='lat' dir='ltr'>Masseus</span> <span class='ocrx_word' id='word_1_31' title='bbox 857 650 1191 706; x_wconf 89' lang='lat' dir='ltr'>aliquantulum</span> <span class='ocrx_word' id='word_1_32' title='bbox 1213 665 1246 693; x_wconf 94' lang='lat' dir='ltr'>s.</span> <span class='ocrx_word' id='word_1_33' title='bbox 1276 652 1347 693; x_wconf 88' lang='lat' dir='ltr'>Fr.</span> <span class='ocrx_word' id='word_1_34' title='bbox 1376 650 1652 706; x_wconf 83' lang='lat' dir='ltr'>precedebat</span> <span class='ocrx_word' id='word_1_35' title='bbox 1673 649 1720 692; x_wconf 91' lang='lat' dir='ltr'>in</span> <span class='ocrx_word' id='word_1_36' title='bbox 1742 649 1829 693; x_wconf 89' lang='lat' dir='ltr'>via.</span> <span class='ocrx_word' id='word_1_37' title='bbox 1900 651 1923 707; x_wconf 51' lang='grc' dir='ltr'>ᾗ</span> <span class='ocrx_word' id='word_1_38' title='bbox 1948 650 1975 691; x_wconf 86' lang='grc'>6</span> <span class='ocrx_word' id='word_1_39' title='bbox 1997 664 2005 692; x_wconf 82' lang='lat' dir='ltr'>z</span> <span class='ocrx_word' id='word_1_40' title='bbox 2042 650 2180 693; x_wconf 87' lang='lat' dir='ltr'>vellet</span> 
     </span>
     <span class='ocr_line' id='line_1_6' title="bbox 249 726 2180 789; baseline -0.001 -18"><span class='ocrx_word' id='word_1_41' title='bbox 249 729 444 773; x_wconf 85' lang='lat' dir='ltr'>fideliter</span> <span class='ocrx_word' id='word_1_42' title='bbox 466 730 665 773; x_wconf 89' lang='lat' dir='ltr'>obedire.</span> <span class='ocrx_word' id='word_1_43' title='bbox 735 733 758 789; x_wconf 56' lang='grc' dir='ltr'>ἕ</span> <span class='ocrx_word' id='word_1_44' title='bbox 784 743 839 785; x_wconf 87' lang='lat'>9:</span> <span class='ocrx_word' id='word_1_45' title='bbox 877 730 1004 770; x_wconf 91' lang='lat' dir='ltr'>Dum</span> <span class='ocrx_word' id='word_1_46' title='bbox 1025 736 1180 771; x_wconf 88' lang='lat' dir='ltr'>autem</span> <span class='ocrx_word' id='word_1_47' title='bbox 1201 727 1316 771; x_wconf 91' lang='lat' dir='ltr'>irent</span> <span class='ocrx_word' id='word_1_48' title='bbox 1339 742 1421 783; x_wconf 90' lang='lat' dir='ltr'>per</span> <span class='ocrx_word' id='word_1_49' title='bbox 1453 726 1576 770; x_wconf 87' lang='lat' dir='ltr'>viam</span> <span class='ocrx_word' id='word_1_50' title='bbox 1608 727 1659 769; x_wconf 85' lang='lat' dir='ltr'>fr.</span> <span class='ocrx_word' id='word_1_51' title='bbox 1696 728 1760 769; x_wconf 91' lang='lat' dir='ltr'>M.</span> <span class='ocrx_word' id='word_1_52' title='bbox 1789 726 2088 770; x_wconf 86' lang='lat' dir='ltr'>vehementer</span> <span class='ocrx_word' id='word_1_53' title='bbox 2122 727 2180 770; x_wconf 90' lang='lat' dir='ltr'>de</span> 
     </span>
     <span class='ocr_line' id='line_1_7' title="bbox 248 802 2181 861; baseline 0 -14"><span class='ocrx_word' id='word_1_54' title='bbox 248 804 416 848; x_wconf 89' lang='lat' dir='ltr'>talibus</span> <span class='ocrx_word' id='word_1_55' title='bbox 449 805 712 861; x_wconf 84' lang='lat' dir='ltr'>mirabatur,</span> <span class='ocrx_word' id='word_1_56' title='bbox 752 803 923 848; x_wconf 89' lang='lat' dir='ltr'>scilicet</span> <span class='ocrx_word' id='word_1_57' title='bbox 960 804 1099 860; x_wconf 91' lang='lat' dir='ltr'>quod.</span> <span class='ocrx_word' id='word_1_58' title='bbox 1183 804 1205 861; x_wconf 59' lang='grc' dir='ltr'><strong>ἓ</strong></span> <span class='ocrx_word' id='word_1_59' title='bbox 1251 817 1332 847; x_wconf 90' lang='lat'>10:</span> <span class='ocrx_word' id='word_1_60' title='bbox 1371 802 1788 859; x_wconf 81' lang='lat' dir='ltr'>appropinquarent</span> <span class='ocrx_word' id='word_1_61' title='bbox 1822 837 1831 845; x_wconf 93' lang='lat'>.</span> <span class='ocrx_word' id='word_1_62' title='bbox 1870 837 1879 846; x_wconf 89' lang='lat'>.</span> <span class='ocrx_word' id='word_1_63' title='bbox 1916 836 1925 845; x_wconf 93' lang='lat'>.</span> <span class='ocrx_word' id='word_1_64' title='bbox 1962 802 2181 847; x_wconf 82' lang='lat' dir='ltr'>sensisset</span> 
     </span>
     <span class='ocr_line' id='line_1_8' title="bbox 245 878 2178 937; baseline -0.002 -12"><span class='ocrx_word' id='word_1_65' title='bbox 245 883 441 937; x_wconf 91' lang='lat' dir='ltr'>populus</span> <span class='ocrx_word' id='word_1_66' title='bbox 475 916 483 924; x_wconf 95' lang='lat'>.</span> <span class='ocrx_word' id='word_1_67' title='bbox 522 916 530 925; x_wconf 92' lang='lat'>.</span> <span class='ocrx_word' id='word_1_68' title='bbox 568 916 577 924; x_wconf 93' lang='lat'>.</span> <span class='ocrx_word' id='word_1_69' title='bbox 614 881 736 925; x_wconf 90' lang='lat' dir='ltr'>venit</span> <span class='ocrx_word' id='word_1_70' title='bbox 767 879 953 924; x_wconf 86' lang='lat' dir='ltr'>obviam</span> <span class='ocrx_word' id='word_1_71' title='bbox 978 887 1139 923; x_wconf 90' lang='lat' dir='ltr'>sancto</span> <span class='ocrx_word' id='word_1_72' title='bbox 1162 878 1307 935; x_wconf 92' lang='lat' dir='ltr'>patri:</span> <span class='ocrx_word' id='word_1_73' title='bbox 1347 878 1495 923; x_wconf 90' lang='lat' dir='ltr'>taliter</span> <span class='ocrx_word' id='word_1_74' title='bbox 1518 879 1622 936; x_wconf 76' lang='lat' dir='ltr'>(sor</span> <span class='ocrx_word' id='word_1_75' title='bbox 1653 878 1903 935; x_wconf 88' lang='lat' dir='ltr'>pensiles);</span> <span class='ocrx_word' id='word_1_76' title='bbox 1933 879 2058 933; x_wconf 91' lang='lat' dir='ltr'>quod</span> <span class='ocrx_word' id='word_1_77' title='bbox 2091 888 2178 922; x_wconf 90' lang='lat' dir='ltr'>ter-</span> 
     </span>
     <span class='ocr_line' id='line_1_9' title="bbox 246 954 2184 1014; baseline 0 -15"><span class='ocrx_word' id='word_1_78' title='bbox 246 971 352 1000; x_wconf 91' lang='lat' dir='ltr'>ram</span> <span class='ocrx_word' id='word_1_79' title='bbox 388 957 584 1013; x_wconf 90' lang='lat' dir='ltr'>pedibus</span> <span class='ocrx_word' id='word_1_80' title='bbox 619 956 816 1000; x_wconf 89' lang='lat' dir='ltr'>minime.</span> <span class='ocrx_word' id='word_1_81' title='bbox 887 956 909 1014; x_wconf 58' lang='grc' dir='ltr'>ἕ</span> <span class='ocrx_word' id='word_1_82' title='bbox 957 968 1039 999; x_wconf 88' lang='lat'>11:</span> <span class='ocrx_word' id='word_1_83' title='bbox 1077 954 1213 1011; x_wconf 86' lang='lat' dir='ltr'>aliqui</span> <span class='ocrx_word' id='word_1_84' title='bbox 1255 957 1481 999; x_wconf 88' lang='lat' dir='ltr'>Senenses</span> <span class='ocrx_word' id='word_1_85' title='bbox 1505 962 1850 1011; x_wconf 84' lang='lat' dir='ltr'>pugnaverant:</span> <span class='ocrx_word' id='word_1_86' title='bbox 1886 954 2035 997; x_wconf 86' lang='lat' dir='ltr'>divine</span> <span class='ocrx_word' id='word_1_87' title='bbox 2073 954 2184 1013; x_wconf 78' lang='lat' dir='ltr'>(for</span> 
     </span>
     <span class='ocr_line' id='line_1_10' title="bbox 241 1029 2173 1092; baseline -0.001 -16"><span class='ocrx_word' id='word_1_88' title='bbox 241 1033 474 1092; x_wconf 82' lang='lat' dir='ltr'>gratiose).</span> <span class='ocrx_word' id='word_1_89' title='bbox 544 1034 567 1092; x_wconf 59' lang='lat' dir='ltr'>g</span> <span class='ocrx_word' id='word_1_90' title='bbox 608 1047 688 1077; x_wconf 89' lang='lat'>12:</span> <span class='ocrx_word' id='word_1_91' title='bbox 728 1035 921 1089; x_wconf 87' lang='lat' dir='ltr'>Propter</span> <span class='ocrx_word' id='word_1_92' title='bbox 951 1032 1075 1088; x_wconf 91' lang='lat' dir='ltr'>quod</span> <span class='ocrx_word' id='word_1_93' title='bbox 1108 1039 1288 1075; x_wconf 88' lang='lat' dir='ltr'>tantum</span> <span class='ocrx_word' id='word_1_94' title='bbox 1319 1046 1434 1088; x_wconf 90' lang='lat' dir='ltr'>opus</span> <span class='ocrx_word' id='word_1_95' title='bbox 1467 1039 1563 1074; x_wconf 92' lang='lat' dir='ltr'>tam</span> <span class='ocrx_word' id='word_1_96' title='bbox 1597 1029 1806 1073; x_wconf 90' lang='lat' dir='ltr'>mirabile</span> <span class='ocrx_word' id='word_1_97' title='bbox 1839 1039 1885 1073; x_wconf 94' lang='lat' dir='ltr'>et</span> <span class='ocrx_word' id='word_1_98' title='bbox 1919 1030 2173 1075; x_wconf 86' lang='lat' dir='ltr'>mirandum</span> 
     </span>
     <span class='ocr_line' id='line_1_11' title="bbox 242 1106 2177 1166; baseline -0.002 -12"><span class='ocrx_word' id='word_1_99' title='bbox 242 1110 485 1166; x_wconf 89' lang='lat' dir='ltr'>episcopus</span> <span class='ocrx_word' id='word_1_100' title='bbox 509 1110 706 1154; x_wconf 86' lang='lat' dir='ltr'>civitatis</span> <span class='ocrx_word' id='word_1_101' title='bbox 724 1108 929 1153; x_wconf 86' lang='lat' dir='ltr'>invitavit</span> <span class='ocrx_word' id='word_1_102' title='bbox 946 1123 979 1151; x_wconf 92' lang='lat' dir='ltr'>s.</span> <span class='ocrx_word' id='word_1_103' title='bbox 1002 1107 1301 1151; x_wconf 89' lang='lat' dir='ltr'>Franciscum</span> <span class='ocrx_word' id='word_1_104' title='bbox 1319 1115 1366 1150; x_wconf 91' lang='lat' dir='ltr'>et</span> <span class='ocrx_word' id='word_1_105' title='bbox 1387 1106 1556 1162; x_wconf 89' lang='lat' dir='ltr'>recepit</span> <span class='ocrx_word' id='word_1_106' title='bbox 1573 1120 1678 1149; x_wconf 88' lang='lat' dir='ltr'>eum</span> <span class='ocrx_word' id='word_1_107' title='bbox 1693 1106 1771 1149; x_wconf 89' lang='lat' dir='ltr'>illa</span> <span class='ocrx_word' id='word_1_108' title='bbox 1787 1106 1862 1149; x_wconf 90' lang='lat' dir='ltr'>die</span> <span class='ocrx_word' id='word_1_109' title='bbox 1881 1121 1985 1150; x_wconf 91' lang='lat' dir='ltr'>cum</span> <span class='ocrx_word' id='word_1_110' title='bbox 2003 1122 2177 1163; x_wconf 83' lang='lat' dir='ltr'>magna</span> 
     </span>
     <span class='ocr_line' id='line_1_12' title="bbox 243 1183 2176 1244; baseline -0.002 -15"><span class='ocrx_word' id='word_1_111' title='bbox 243 1186 389 1241; x_wconf 87' lang='lat' dir='ltr'>gratia</span> <span class='ocrx_word' id='word_1_112' title='bbox 411 1195 457 1230; x_wconf 90' lang='lat' dir='ltr'>et</span> <span class='ocrx_word' id='word_1_113' title='bbox 479 1188 663 1231; x_wconf 88' lang='lat' dir='ltr'>honore.</span> <span class='ocrx_word' id='word_1_114' title='bbox 734 1186 756 1244; x_wconf 58' lang='grc' dir='ltr'>ἕ</span> <span class='ocrx_word' id='word_1_115' title='bbox 787 1198 840 1239; x_wconf 82' lang='lat'>14</span> <span class='ocrx_word' id='word_1_116' title='bbox 861 1203 870 1238; x_wconf 82' lang='lat'><em>3</em></span> <span class='ocrx_word' id='word_1_117' title='bbox 909 1200 993 1228; x_wconf 77' lang='lat' dir='ltr'>om.</span> <span class='ocrx_word' id='word_1_118' title='bbox 1019 1183 1116 1228; x_wconf 91' lang='lat' dir='ltr'>heri</span> <span class='ocrx_word' id='word_1_119' title='bbox 1139 1185 1240 1228; x_wconf 80' lang='lat' dir='ltr'>and</span> <span class='ocrx_word' id='word_1_120' title='bbox 1253 1183 1390 1227; x_wconf 91' lang='lat' dir='ltr'>hodie</span> <span class='ocrx_word' id='word_1_121' title='bbox 1421 1183 1495 1242; x_wconf 85' lang='lat' dir='ltr'>[cf.</span> <span class='ocrx_word' id='word_1_122' title='bbox 1519 1183 1729 1237; x_wconf 75' lang='lat' dir='ltr'>Fz&#39;orettz&#39;,</span> <span class='ocrx_word' id='word_1_123' title='bbox 1761 1196 1777 1225; x_wconf 87' lang='lat'>1</span> <span class='ocrx_word' id='word_1_124' title='bbox 1793 1183 1845 1241; x_wconf 90' lang='lat'>1].</span> <span class='ocrx_word' id='word_1_125' title='bbox 1915 1186 1938 1243; x_wconf 59' lang='grc' dir='ltr'><strong>ἕ</strong></span> <span class='ocrx_word' id='word_1_126' title='bbox 1979 1194 2029 1240; x_wconf 84' lang='lat'>15</span> <span class='ocrx_word' id='word_1_127' title='bbox 2054 1199 2063 1227; x_wconf 78' lang='lat' dir='ltr'><em>z</em></span> <span class='ocrx_word' id='word_1_128' title='bbox 2099 1183 2176 1239; x_wconf 89' lang='lat' dir='ltr'>qui</span> 
     </span>
     <span class='ocr_line' id='line_1_13' title="bbox 246 1258 2176 1320; baseline -0.002 -14"><span class='ocrx_word' id='word_1_129' title='bbox 246 1265 349 1307; x_wconf 91' lang='lat' dir='ltr'>Deo</span> <span class='ocrx_word' id='word_1_130' title='bbox 382 1278 487 1307; x_wconf 89' lang='lat' dir='ltr'>curn</span> <span class='ocrx_word' id='word_1_131' title='bbox 515 1272 595 1308; x_wconf 91' lang='lat' dir='ltr'>tua</span> <span class='ocrx_word' id='word_1_132' title='bbox 626 1262 840 1320; x_wconf 88' lang='lat' dir='ltr'>superbia</span> <span class='ocrx_word' id='word_1_133' title='bbox 868 1260 1189 1305; x_wconf 86' lang='lat' dir='ltr'>discretionem</span> <span class='ocrx_word' id='word_1_134' title='bbox 1231 1261 1419 1303; x_wconf 90' lang='lat' dir='ltr'>revelas.</span> <span class='ocrx_word' id='word_1_135' title='bbox 1489 1261 1511 1319; x_wconf 55' lang='grc' dir='ltr'><strong>ἕ</strong></span> <span class='ocrx_word' id='word_1_136' title='bbox 1552 1259 1634 1301; x_wconf 83' lang='grc'>18;</span> <span class='ocrx_word' id='word_1_137' title='bbox 1671 1258 1925 1314; x_wconf 86' lang='lat' dir='ltr'>excepisset</span> <span class='ocrx_word' id='word_1_138' title='bbox 1959 1261 2071 1318; x_wconf 84' lang='lat' dir='ltr'>(for</span> <span class='ocrx_word' id='word_1_139' title='bbox 2096 1260 2176 1302; x_wconf 87' lang='lat' dir='ltr'>ab·</span> 
     </span>
     <span class='ocr_line' id='line_1_14' title="bbox 243 1334 2173 1398; baseline -0.002 -16"><span class='ocrx_word' id='word_1_140' title='bbox 243 1339 526 1395; x_wconf 89' lang='lat' dir='ltr'>sorbuisset).</span> <span class='ocrx_word' id='word_1_141' title='bbox 596 1340 648 1398; x_wconf 48' lang='grc' dir='ltr'>ἐξ</span> <span class='ocrx_word' id='word_1_142' title='bbox 675 1352 811 1382; x_wconf 87' lang='lat'>20-21</span> <span class='ocrx_word' id='word_1_143' title='bbox 837 1354 845 1381; x_wconf 91' lang='lat'>:</span> <span class='ocrx_word' id='word_1_144' title='bbox 883 1339 927 1382; x_wconf 81' lang='lat' dir='ltr'>S.</span> <span class='ocrx_word' id='word_1_145' title='bbox 954 1352 1061 1381; x_wconf 89' lang='lat' dir='ltr'>vero</span> <span class='ocrx_word' id='word_1_146' title='bbox 1097 1336 1369 1380; x_wconf 90' lang='lat' dir='ltr'>Franciscus</span> <span class='ocrx_word' id='word_1_147' title='bbox 1403 1334 1558 1378; x_wconf 87' lang='lat' dir='ltr'>divina</span> <span class='ocrx_word' id='word_1_148' title='bbox 1590 1334 1882 1390; x_wconf 87' lang='lat' dir='ltr'>inspiratione</span> <span class='ocrx_word' id='word_1_149' title='bbox 1913 1336 2173 1390; x_wconf 82' lang='lat' dir='ltr'>illustratuS,</span> 
     </span>
     <span class='ocr_line' id='line_1_15' title="bbox 245 1411 2174 1471; baseline -0.002 -12"><span class='ocrx_word' id='word_1_150' title='bbox 245 1415 317 1459; x_wconf 86' lang='lat' dir='ltr'>cui</span> <span class='ocrx_word' id='word_1_151' title='bbox 341 1415 495 1459; x_wconf 90' lang='lat' dir='ltr'>omnia</span> <span class='ocrx_word' id='word_1_152' title='bbox 525 1416 652 1459; x_wconf 90' lang='lat' dir='ltr'>nuda</span> <span class='ocrx_word' id='word_1_153' title='bbox 684 1423 790 1459; x_wconf 88' lang='lat' dir='ltr'>sunt</span> <span class='ocrx_word' id='word_1_154' title='bbox 819 1422 864 1458; x_wconf 90' lang='lat' dir='ltr'>et</span> <span class='ocrx_word' id='word_1_155' title='bbox 887 1422 1046 1471; x_wconf 89' lang='lat' dir='ltr'>aperta</span> <span class='ocrx_word' id='word_1_156' title='bbox 1080 1415 1355 1466; x_wconf 88' lang='lat' dir='ltr'>claruerunt,</span> <span class='ocrx_word' id='word_1_157' title='bbox 1380 1419 1482 1467; x_wconf 90' lang='lat' dir='ltr'>post</span> <span class='ocrx_word' id='word_1_158' title='bbox 1517 1419 1700 1466; x_wconf 88' lang='lat' dir='ltr'>tergum</span> <span class='ocrx_word' id='word_1_159' title='bbox 1733 1411 1783 1453; x_wconf 88' lang='lat' dir='ltr'>fr.</span> <span class='ocrx_word' id='word_1_160' title='bbox 1820 1411 1994 1455; x_wconf 87' lang='lat' dir='ltr'>Massei</span> <span class='ocrx_word' id='word_1_161' title='bbox 2028 1411 2174 1455; x_wconf 86' lang='lat' dir='ltr'>cordis</span> 
     </span>
     <span class='ocr_line' id='line_1_16' title="bbox 245 1488 1424 1550; baseline -0.005 -14"><span class='ocrx_word' id='word_1_162' title='bbox 245 1493 344 1549; x_wconf 89' lang='lat' dir='ltr'>ejus</span> <span class='ocrx_word' id='word_1_163' title='bbox 368 1501 555 1536; x_wconf 89' lang='lat' dir='ltr'>secreta.</span> <span class='ocrx_word' id='word_1_164' title='bbox 626 1492 649 1550; x_wconf 57' lang='grc' dir='ltr'>ξ</span> <span class='ocrx_word' id='word_1_165' title='bbox 676 1505 732 1535; x_wconf 89' lang='grc'>22</span> <span class='ocrx_word' id='word_1_166' title='bbox 753 1507 762 1534; x_wconf 90' lang='lat'>:</span> <span class='ocrx_word' id='word_1_167' title='bbox 799 1499 1016 1547; x_wconf 87' lang='lat' dir='ltr'>generata</span> <span class='ocrx_word' id='word_1_168' title='bbox 1041 1490 1149 1548; x_wconf 78' lang='lat' dir='ltr'>(for</span> <span class='ocrx_word' id='word_1_169' title='bbox 1165 1488 1424 1546; x_wconf 89' lang='lat' dir='ltr'>seminata).</span> 
     </span>
    </p>
   </div>
   <div class='ocr_carea' id='block_1_4' title="bbox 155 1585 2402 2275">
    <p class='ocr_par' dir='ltr' id='par_1_4' title="bbox 155 1585 2402 2275">
     <span class='ocr_line' id='line_1_17' title="bbox 155 1585 2402 1659; baseline -0.003 -17"><span class='ocrx_word' id='word_1_170' title='bbox 155 1597 228 1659; x_wconf 86' lang='lat'>69</span> <span class='ocrx_word' id='word_1_171' title='bbox 358 1590 408 1658; x_wconf 83' lang='lat' dir='ltr'>(f.</span> <span class='ocrx_word' id='word_1_172' title='bbox 466 1592 585 1659; x_wconf 78' lang='lat' dir='ltr'>96V)</span> <span class='ocrx_word' id='word_1_173' title='bbox 631 1590 878 1653; x_wconf 71' lang='lat' dir='ltr'>Qualiter</span> <span class='ocrx_word' id='word_1_174' title='bbox 911 1589 1098 1654; x_wconf 72' lang='lat' dir='ltr'>frater</span> <span class='ocrx_word' id='word_1_175' title='bbox 1150 1587 1402 1637; x_wconf 78' lang='lat' dir='ltr'>Masseus</span> <span class='ocrx_word' id='word_1_176' title='bbox 1437 1585 1565 1650; x_wconf 78' lang='lat' dir='ltr'>fuit</span> <span class='ocrx_word' id='word_1_177' title='bbox 1601 1585 1860 1651; x_wconf 69' lang='lat' dir='ltr'>probatus</span> <span class='ocrx_word' id='word_1_178' title='bbox 1911 1605 1946 1635; x_wconf 82' lang='lat' dir='ltr'>a</span> <span class='ocrx_word' id='word_1_179' title='bbox 1996 1594 2171 1636; x_wconf 77' lang='lat' dir='ltr'>sancto</span> <span class='ocrx_word' id='word_1_180' title='bbox 2186 1603 2318 1643; x_wconf 89' lang='lat' dir='ltr'>Actus</span> <span class='ocrx_word' id='word_1_181' title='bbox 2341 1614 2402 1643; x_wconf 78' lang='lat'>12,</span> 
     </span>
     <span class='ocr_line' id='line_1_18' title="bbox 165 1680 536 1742; baseline 0.003 -12"><span class='ocrx_word' id='word_1_182' title='bbox 165 1736 170 1742; x_wconf 27' lang='lat' dir='ltr'><strong><em>s</em></strong></span> <span class='ocrx_word' id='word_1_183' title='bbox 244 1680 536 1731; x_wconf 57' lang='lat' dir='ltr'>Franczlvcc).</span> 
     </span>
     <span class='ocr_line' id='line_1_19' title="bbox 359 1765 2171 1832; baseline -0.003 -10"><span class='ocrx_word' id='word_1_184' title='bbox 359 1771 562 1824; x_wconf 88' lang='lat' dir='ltr'>Beatus</span> <span class='ocrx_word' id='word_1_185' title='bbox 591 1770 636 1820; x_wconf 88' lang='lat' dir='ltr'><strong>F</strong></span> <span class='ocrx_word' id='word_1_186' title='bbox 640 1770 910 1821; x_wconf 89' lang='lat' dir='ltr'>ranciscus</span> <span class='ocrx_word' id='word_1_187' title='bbox 949 1768 1140 1819; x_wconf 87' lang='lat' dir='ltr'>volens</span> <span class='ocrx_word' id='word_1_188' title='bbox 1168 1798 1238 1805; x_wconf 90' lang='lat'>—-</span> <span class='ocrx_word' id='word_1_189' title='bbox 1265 1766 1589 1828; x_wconf 89' lang='lat' dir='ltr'>humilitate,</span> <span class='ocrx_word' id='word_1_190' title='bbox 1633 1765 1981 1816; x_wconf 84' lang='lat' dir='ltr'>exhortando</span> <span class='ocrx_word' id='word_1_191' title='bbox 2023 1768 2171 1832; x_wconf 90' lang='lat' dir='ltr'>ipsos</span> 
     </span>
     <span class='ocr_line' id='line_1_20' title="bbox 243 1855 2171 1927; baseline -0.003 -15"><span class='ocrx_word' id='word_1_192' title='bbox 243 1860 392 1927; x_wconf 92' lang='lat' dir='ltr'>quod</span> <span class='ocrx_word' id='word_1_193' title='bbox 418 1869 624 1927; x_wconf 88' lang='lat' dir='ltr'>quanto</span> <span class='ocrx_word' id='word_1_194' title='bbox 654 1860 860 1925; x_wconf 89' lang='lat' dir='ltr'>majora</span> <span class='ocrx_word' id='word_1_195' title='bbox 886 1858 1032 1910; x_wconf 87' lang='lat' dir='ltr'>dona</span> <span class='ocrx_word' id='word_1_196' title='bbox 1072 1857 1229 1909; x_wconf 89' lang='lat' dir='ltr'>nobis</span> <span class='ocrx_word' id='word_1_197' title='bbox 1271 1856 1480 1907; x_wconf 81' lang='lat' dir='ltr'>confert</span> <span class='ocrx_word' id='word_1_198' title='bbox 1519 1855 1838 1907; x_wconf 88' lang='lat' dir='ltr'>Altissimus</span> <span class='ocrx_word' id='word_1_199' title='bbox 1865 1864 2022 1907; x_wconf 89' lang='lat' dir='ltr'>tanto</span> <span class='ocrx_word' id='word_1_200' title='bbox 2050 1857 2171 1923; x_wconf 93' lang='lat' dir='ltr'>quis</span> 
     </span>
     <span class='ocr_line' id='line_1_21' title="bbox 244 1946 2171 2016; baseline -0.002 -15"><span class='ocrx_word' id='word_1_201' title='bbox 244 1950 409 2002; x_wconf 89' lang='lat' dir='ltr'>debet</span> <span class='ocrx_word' id='word_1_202' title='bbox 448 1969 566 2003; x_wconf 90' lang='lat' dir='ltr'>esse</span> <span class='ocrx_word' id='word_1_203' title='bbox 605 1950 872 2012; x_wconf 87' lang='lat' dir='ltr'>humilior,</span> <span class='ocrx_word' id='word_1_204' title='bbox 905 1949 1044 2016; x_wconf 73' lang='lat' dir='ltr'>‘quia</span> <span class='ocrx_word' id='word_1_205' title='bbox 1083 1948 1294 2014; x_wconf 86' lang='lat' dir='ltr'>absque</span> <span class='ocrx_word' id='word_1_206' title='bbox 1333 1946 1645 1997; x_wconf 89' lang='lat' dir='ltr'>humilitate</span> <span class='ocrx_word' id='word_1_207' title='bbox 1686 1947 1836 1997; x_wconf 89' lang='lat' dir='ltr'>nulla</span> <span class='ocrx_word' id='word_1_208' title='bbox 1875 1947 2047 1997; x_wconf 92' lang='lat' dir='ltr'>virtus</span> <span class='ocrx_word' id='word_1_209' title='bbox 2089 1954 2171 1997; x_wconf 93' lang='lat' dir='ltr'>est</span> 
     </span>
     <span class='ocr_line' id='line_1_22' title="bbox 244 2036 2170 2107; baseline -0.003 -15"><span class='ocrx_word' id='word_1_210' title='bbox 244 2041 588 2107; x_wconf 86' lang='lat' dir='ltr'>acceptabilis</span> <span class='ocrx_word' id='word_1_211' title='bbox 617 2039 770 2092; x_wconf 81' lang='lat' dir='ltr'>Deo,¹</span> <span class='ocrx_word' id='word_1_212' title='bbox 852 2040 929 2091; x_wconf 88' lang='lat' dir='ltr'>Et</span> <span class='ocrx_word' id='word_1_213' title='bbox 957 2039 1059 2090; x_wconf 90' lang='lat' dir='ltr'>hiis</span> <span class='ocrx_word' id='word_1_214' title='bbox 1087 2037 1258 2100; x_wconf 81' lang='lat' dir='ltr'>dictis,</span> <span class='ocrx_word' id='word_1_215' title='bbox 1287 2036 1466 2088; x_wconf 87' lang='lat' dir='ltr'>officia</span> <span class='ocrx_word' id='word_1_216' title='bbox 1493 2053 1616 2086; x_wconf 88' lang='lat' dir='ltr'>cum</span> <span class='ocrx_word' id='word_1_217' title='bbox 1646 2038 1872 2087; x_wconf 88' lang='lat' dir='ltr'>caritate</span> <span class='ocrx_word' id='word_1_218' title='bbox 1899 2036 2170 2087; x_wconf 87' lang='lat' dir='ltr'>distribuit</span> 
     </span>
     <span class='ocr_line' id='line_1_23' title="bbox 243 2125 2170 2195; baseline -0.003 -13"><span class='ocrx_word' id='word_1_219' title='bbox 243 2138 298 2182; x_wconf 91' lang='lat' dir='ltr'>et</span> <span class='ocrx_word' id='word_1_220' title='bbox 324 2149 513 2182; x_wconf 87' lang='lat' dir='ltr'>omnes</span> <span class='ocrx_word' id='word_1_221' title='bbox 538 2147 662 2181; x_wconf 88' lang='lat' dir='ltr'>cum</span> <span class='ocrx_word' id='word_1_222' title='bbox 691 2131 864 2181; x_wconf 88' lang='lat' dir='ltr'>sancti</span> <span class='ocrx_word' id='word_1_223' title='bbox 894 2128 1127 2195; x_wconf 83' lang='lat' dir='ltr'>Spiritus</span> <span class='ocrx_word' id='word_1_224' title='bbox 1155 2126 1355 2194; x_wconf 85' lang='lat' dir='ltr'>gaudio</span> <span class='ocrx_word' id='word_1_225' title='bbox 1382 2125 1751 2178; x_wconf 88' lang='lat' dir='ltr'>benedicebat.</span> <span class='ocrx_word' id='word_1_226' title='bbox 1831 2125 1923 2178; x_wconf 83' lang='lat' dir='ltr'>Ad</span> <span class='ocrx_word' id='word_1_227' title='bbox 1951 2126 2170 2177; x_wconf 89' lang='lat' dir='ltr'>laudem</span> 
     </span>
     <span class='ocr_line' id='line_1_24' title="bbox 243 2220 737 2275; baseline -0.006 0"><span class='ocrx_word' id='word_1_228' title='bbox 243 2222 456 2275; x_wconf 89' lang='lat' dir='ltr'>Christi.</span> <span class='ocrx_word' id='word_1_229' title='bbox 539 2220 737 2273; x_wconf 86' lang='lat' dir='ltr'>Amen.</span> 
     </span>
    </p>
   </div>
   <div class='ocr_carea' id='block_1_5' title="bbox 159 2331 2405 2746">
    <p class='ocr_par' dir='ltr' id='par_1_5' title="bbox 159 2331 2405 2746">
     <span class='ocr_line' id='line_1_25' title="bbox 341 2331 2169 2397; baseline -0.005 -13"><span class='ocrx_word' id='word_1_230' title='bbox 341 2338 424 2397; x_wconf 63' lang='grc' dir='ltr'>ξιτ</span> <span class='ocrx_word' id='word_1_231' title='bbox 459 2338 736 2394; x_wconf 89' lang='lat' dir='ltr'>produceret</span> <span class='ocrx_word' id='word_1_232' title='bbox 757 2337 866 2395; x_wconf 81' lang='lat' dir='ltr'>(for</span> <span class='ocrx_word' id='word_1_233' title='bbox 883 2337 1170 2391; x_wconf 86' lang='lat' dir='ltr'>crescerent).</span> <span class='ocrx_word' id='word_1_234' title='bbox 1239 2335 1261 2392; x_wconf 56' lang='grc' dir='ltr'><strong>ἕ</strong></span> <span class='ocrx_word' id='word_1_235' title='bbox 1288 2347 1342 2389; x_wconf 83' lang='grc'>3;</span> <span class='ocrx_word' id='word_1_236' title='bbox 1379 2347 1463 2378; x_wconf 86' lang='lat' dir='ltr'>om.</span> <span class='ocrx_word' id='word_1_237' title='bbox 1491 2331 1855 2377; x_wconf 88' lang='lat' dir='ltr'>advenientibus.</span> <span class='ocrx_word' id='word_1_238' title='bbox 1925 2334 1948 2392; x_wconf 61' lang='grc' dir='ltr'>ἓ</span> <span class='ocrx_word' id='word_1_239' title='bbox 1974 2344 2029 2386; x_wconf 87' lang='lat'>4:</span> <span class='ocrx_word' id='word_1_240' title='bbox 2066 2346 2169 2375; x_wconf 91' lang='lat' dir='ltr'>con-</span> 
     </span>
     <span class='ocr_line' id='line_1_26' title="bbox 245 2410 2172 2473; baseline -0.004 -14"><span class='ocrx_word' id='word_1_241' title='bbox 245 2415 453 2472; x_wconf 89' lang='lat' dir='ltr'>templari</span> <span class='ocrx_word' id='word_1_242' title='bbox 476 2417 588 2473; x_wconf 72' lang='lat' dir='ltr'>(for</span> <span class='ocrx_word' id='word_1_243' title='bbox 602 2413 764 2458; x_wconf 89' lang='lat' dir='ltr'>melius</span> <span class='ocrx_word' id='word_1_244' title='bbox 795 2412 1007 2469; x_wconf 88' lang='lat' dir='ltr'>orationi)</span> <span class='ocrx_word' id='word_1_245' title='bbox 1028 2429 1038 2461; x_wconf 88' lang='grc'>;</span> <span class='ocrx_word' id='word_1_246' title='bbox 1073 2411 1212 2455; x_wconf 88' lang='lat' dir='ltr'>facies</span> <span class='ocrx_word' id='word_1_247' title='bbox 1234 2413 1346 2469; x_wconf 87' lang='lat' dir='ltr'>(for</span> <span class='ocrx_word' id='word_1_248' title='bbox 1369 2411 1630 2469; x_wconf 84' lang='lat' dir='ltr'>custodias).</span> <span class='ocrx_word' id='word_1_249' title='bbox 1698 2411 1721 2467; x_wconf 57' lang='grc' dir='ltr'>ἕ</span> <span class='ocrx_word' id='word_1_250' title='bbox 1751 2421 1771 2466; x_wconf 87' lang='grc'>5</span> <span class='ocrx_word' id='word_1_251' title='bbox 1794 2425 1802 2453; x_wconf 90' lang='lat'><strong>:</strong></span> <span class='ocrx_word' id='word_1_252' title='bbox 1840 2410 2042 2465; x_wconf 87' lang='lat' dir='ltr'>Quando</span> <span class='ocrx_word' id='word_1_253' title='bbox 2063 2424 2172 2453; x_wconf 90' lang='lat' dir='ltr'>vero</span> 
     </span>
     <span class='ocr_line' id='line_1_27' title="bbox 245 2486 2170 2549; baseline -0.003 -14"><span class='ocrx_word' id='word_1_254' title='bbox 245 2491 322 2536; x_wconf 90' lang='lat' dir='ltr'>alii</span> <span class='ocrx_word' id='word_1_255' title='bbox 356 2492 546 2545; x_wconf 85' lang='lat' dir='ltr'>fratres3</span> <span class='ocrx_word' id='word_1_256' title='bbox 584 2490 716 2535; x_wconf 89' lang='lat' dir='ltr'>bonis</span> <span class='ocrx_word' id='word_1_257' title='bbox 748 2492 860 2549; x_wconf 81' lang='lat' dir='ltr'>(sor</span> <span class='ocrx_word' id='word_1_258' title='bbox 885 2488 1068 2546; x_wconf 86' lang='lat' dir='ltr'>verbis).</span> <span class='ocrx_word' id='word_1_259' title='bbox 1135 2489 1240 2546; x_wconf 67' lang='lat'>§61</span> <span class='ocrx_word' id='word_1_260' title='bbox 1281 2496 1425 2532; x_wconf 90' lang='lat' dir='ltr'>tracto</span> <span class='ocrx_word' id='word_1_261' title='bbox 1459 2489 1568 2547; x_wconf 84' lang='lat' dir='ltr'>(for</span> <span class='ocrx_word' id='word_1_262' title='bbox 1595 2489 1828 2543; x_wconf 87' lang='lat' dir='ltr'>extracto).</span> <span class='ocrx_word' id='word_1_263' title='bbox 1897 2486 1919 2543; x_wconf 61' lang='grc' dir='ltr'>ξ</span> <span class='ocrx_word' id='word_1_264' title='bbox 1945 2500 2001 2542; x_wconf 85' lang='lat'>9:</span> <span class='ocrx_word' id='word_1_265' title='bbox 2046 2487 2170 2530; x_wconf 88' lang='lat' dir='ltr'>Nam</span> 
     </span>
     <span class='ocr_line' id='line_1_28' title="bbox 245 2564 1541 2625; baseline -0.004 -13"><span class='ocrx_word' id='word_1_266' title='bbox 245 2576 489 2625; x_wconf 88' lang='lat' dir='ltr'>propterea</span> <span class='ocrx_word' id='word_1_267' title='bbox 510 2566 798 2611; x_wconf 86' lang='lat' dir='ltr'>sustinebant</span> <span class='ocrx_word' id='word_1_268' title='bbox 819 2565 865 2609; x_wconf 90' lang='lat' dir='ltr'>in</span> <span class='ocrx_word' id='word_1_269' title='bbox 886 2564 1091 2610; x_wconf 87' lang='lat' dir='ltr'>oratione</span> <span class='ocrx_word' id='word_1_270' title='bbox 1114 2564 1276 2608; x_wconf 88' lang='lat' dir='ltr'>avidos</span> <span class='ocrx_word' id='word_1_271' title='bbox 1299 2572 1343 2607; x_wconf 91' lang='lat' dir='ltr'>et</span> <span class='ocrx_word' id='word_1_272' title='bbox 1365 2565 1541 2608; x_wconf 88' lang='lat' dir='ltr'>crudos.</span> 
     </span>
     <span class='ocr_line' id='line_1_29' title="bbox 159 2661 2405 2746; baseline -0.004 -26"><span class='ocrx_word' id='word_1_273' title='bbox 159 2694 230 2746; x_wconf 90' lang='lat'>70</span> <span class='ocrx_word' id='word_1_274' title='bbox 361 2667 413 2734; x_wconf 89' lang='lat' dir='ltr'>(f.</span> <span class='ocrx_word' id='word_1_275' title='bbox 437 2669 552 2736; x_wconf 62' lang='lat'>971)</span> <span class='ocrx_word' id='word_1_276' title='bbox 595 2666 841 2729; x_wconf 75' lang='lat' dir='ltr'>Qualiter</span> <span class='ocrx_word' id='word_1_277' title='bbox 856 2672 1066 2716; x_wconf 79' lang='lat' dir='ltr'>sanctus</span> <span class='ocrx_word' id='word_1_278' title='bbox 1087 2664 1402 2714; x_wconf 76' lang='lat' dir='ltr'>Francz&#39;scus</span> <span class='ocrx_word' id='word_1_279' title='bbox 1421 2663 1621 2714; x_wconf 76' lang='lat' dir='ltr'>levavit</span> <span class='ocrx_word' id='word_1_280' title='bbox 1623 2663 1865 2726; x_wconf 70' lang='lat' dir='ltr'>fratrem</span> <span class='ocrx_word' id='word_1_281' title='bbox 1888 2661 2170 2711; x_wconf 79' lang='lat' dir='ltr'>Masseum</span> <span class='ocrx_word' id='word_1_282' title='bbox 2186 2682 2321 2723; x_wconf 85' lang='lat' dir='ltr'>Actus</span> <span class='ocrx_word' id='word_1_283' title='bbox 2342 2694 2405 2733; x_wconf 88' lang='lat'>13·</span> 
     </span>
    </p>
   </div>
   <div class='ocr_carea' id='block_1_6' title="bbox 248 2757 756 2824">
    <p class='ocr_par' dir='ltr' id='par_1_6' title="bbox 248 2757 756 2824">
     <span class='ocr_line' id='line_1_30' title="bbox 248 2757 756 2824; baseline 0.002 -17"><span class='ocrx_word' id='word_1_284' title='bbox 248 2758 304 2807; x_wconf 83' lang='lat' dir='ltr'>in</span> <span class='ocrx_word' id='word_1_285' title='bbox 330 2774 448 2808; x_wconf 81' lang='lat' dir='ltr'>aere</span> <span class='ocrx_word' id='word_1_286' title='bbox 474 2775 589 2809; x_wconf 82' lang='lat' dir='ltr'>cum</span> <span class='ocrx_word' id='word_1_287' title='bbox 610 2757 756 2824; x_wconf 76' lang='lat' dir='ltr'>flatu.</span> 
     </span>
    </p>
   </div>
   <div class='ocr_carea' id='block_1_7' title="bbox 248 2871 2172 3118">
    <p class='ocr_par' dir='ltr' id='par_1_7' title="bbox 248 2871 2172 3118">
     <span class='ocr_line' id='line_1_31' title="bbox 364 2871 2172 2932; baseline -0.003 -5"><span class='ocrx_word' id='word_1_288' title='bbox 364 2876 629 2927; x_wconf 90' lang='lat' dir='ltr'>Mirabilis</span> <span class='ocrx_word' id='word_1_289' title='bbox 657 2875 857 2928; x_wconf 90' lang='lat' dir='ltr'>Christi</span> <span class='ocrx_word' id='word_1_290' title='bbox 899 2891 1082 2925; x_wconf 89' lang='lat' dir='ltr'>servus</span> <span class='ocrx_word' id='word_1_291' title='bbox 1122 2873 1440 2923; x_wconf 89' lang='lat' dir='ltr'>Franciscus</span> <span class='ocrx_word' id='word_1_292' title='bbox 1466 2902 1538 2909; x_wconf 92' lang='lat'><em>-</em></span> <span class='ocrx_word' id='word_1_293' title='bbox 1569 2872 1644 2921; x_wconf 92' lang='lat' dir='ltr'>ire</span> <span class='ocrx_word' id='word_1_294' title='bbox 1672 2872 1727 2921; x_wconf 91' lang='lat' dir='ltr'>in</span> <span class='ocrx_word' id='word_1_295' title='bbox 1757 2871 1998 2932; x_wconf 87' lang='lat' dir='ltr'>Francia,</span> <span class='ocrx_word' id='word_1_296' title='bbox 2032 2871 2172 2921; x_wconf 89' lang='lat' dir='ltr'>sicut</span> 
     </span>
     <span class='ocr_line' id='line_1_32' title="bbox 248 2960 2169 3034; baseline -0.003 -17"><span class='ocrx_word' id='word_1_297' title='bbox 248 2974 640 3034; x_wconf 88' lang='lat' dir='ltr'>proposuerant</span> <span class='ocrx_word' id='word_1_298' title='bbox 660 2966 919 3030; x_wconf 89' lang='lat' dir='ltr'>primitus,</span> <span class='ocrx_word' id='word_1_299' title='bbox 946 2963 1014 3014; x_wconf 88' lang='lat' dir='ltr'>ad</span> <span class='ocrx_word' id='word_1_300' title='bbox 1036 2962 1253 3015; x_wconf 89' lang='lat' dir='ltr'>Vallem</span> <span class='ocrx_word' id='word_1_301' title='bbox 1285 2960 1639 3028; x_wconf 86' lang='lat' dir='ltr'>Spoletanam</span> <span class='ocrx_word' id='word_1_302' title='bbox 1668 2968 1795 3012; x_wconf 91' lang='lat' dir='ltr'>sunt</span> <span class='ocrx_word' id='word_1_303' title='bbox 1816 2977 2025 3010; x_wconf 89' lang='lat' dir='ltr'>reversa</span> <span class='ocrx_word' id='word_1_304' title='bbox 2045 2977 2169 3011; x_wconf 89' lang='lat' dir='ltr'>cum</span> 
     </span>
     <span class='ocr_line' id='line_1_33' title="bbox 250 3048 2169 3118; baseline -0.005 -11"><span class='ocrx_word' id='word_1_305' title='bbox 250 3056 610 3118; x_wconf 88' lang='lat' dir='ltr'>festinatione,</span> <span class='ocrx_word' id='word_1_306' title='bbox 641 3055 734 3106; x_wconf 92' lang='lat' dir='ltr'>ubi</span> <span class='ocrx_word' id='word_1_307' title='bbox 763 3053 998 3105; x_wconf 90' lang='lat' dir='ltr'>debebat</span> <span class='ocrx_word' id='word_1_308' title='bbox 1023 3052 1111 3103; x_wconf 85' lang='lat' dir='ltr'>via</span> <span class='ocrx_word' id='word_1_309' title='bbox 1138 3052 1350 3103; x_wconf 89' lang='lat' dir='ltr'>celestis</span> <span class='ocrx_word' id='word_1_310' title='bbox 1389 3058 1444 3102; x_wconf 91' lang='lat' dir='ltr'>et</span> <span class='ocrx_word' id='word_1_311' title='bbox 1470 3050 1717 3117; x_wconf 87' lang='lat' dir='ltr'>angelica</span> <span class='ocrx_word' id='word_1_312' title='bbox 1744 3049 1996 3100; x_wconf 89' lang='lat' dir='ltr'>inchoari.</span> <span class='ocrx_word' id='word_1_313' title='bbox 2078 3048 2169 3099; x_wconf 90' lang='lat' dir='ltr'>Ad</span> 
     </span>
    </p>
   </div>
   <div class='ocr_carea' id='block_1_8' title="bbox 248 3150 983 3209">
    <p class='ocr_par' dir='ltr' id='par_1_8' title="bbox 248 3150 983 3209">
     <span class='ocr_line' id='line_1_34' title="bbox 248 3150 983 3209; baseline -0.003 -6"><span class='ocrx_word' id='word_1_314' title='bbox 248 3152 466 3209; x_wconf 87' lang='lat' dir='ltr'>laudem</span> <span class='ocrx_word' id='word_1_315' title='bbox 491 3151 704 3204; x_wconf 88' lang='lat' dir='ltr'>Christi.</span> <span class='ocrx_word' id='word_1_316' title='bbox 785 3150 983 3201; x_wconf 85' lang='lat' dir='ltr'>Amen.</span> 
     </span>
    </p>
   </div>
   <div class='ocr_carea' id='block_1_9' title="bbox 250 3254 2173 3545">
    <p class='ocr_par' dir='ltr' id='par_1_9' title="bbox 250 3254 2173 3545">
     <span class='ocr_line' id='line_1_35' title="bbox 365 3254 2171 3321; baseline -0.004 -16"><span class='ocrx_word' id='word_1_317' title='bbox 365 3263 387 3321; x_wconf 61' lang='grc' dir='ltr'>ς</span> <span class='ocrx_word' id='word_1_318' title='bbox 414 3275 466 3318; x_wconf 86' lang='lat'>3:</span> <span class='ocrx_word' id='word_1_319' title='bbox 504 3261 626 3318; x_wconf 88' lang='lat' dir='ltr'>prius</span> <span class='ocrx_word' id='word_1_320' title='bbox 659 3262 766 3319; x_wconf 82' lang='lat' dir='ltr'>(for</span> <span class='ocrx_word' id='word_1_321' title='bbox 795 3259 998 3316; x_wconf 91' lang='lat' dir='ltr'>primus).</span> <span class='ocrx_word' id='word_1_322' title='bbox 1062 3258 1202 3302; x_wconf 91' lang='lat' dir='ltr'>Unde</span> <span class='ocrx_word' id='word_1_323' title='bbox 1235 3257 1437 3314; x_wconf 89' lang='lat' dir='ltr'>quodam</span> <span class='ocrx_word' id='word_1_324' title='bbox 1470 3266 1672 3313; x_wconf 89' lang='lat' dir='ltr'>tempore</span> <span class='ocrx_word' id='word_1_325' title='bbox 1705 3271 1813 3300; x_wconf 86' lang='lat' dir='ltr'>cum</span> <span class='ocrx_word' id='word_1_326' title='bbox 1845 3254 2005 3299; x_wconf 89' lang='lat' dir='ltr'>ceteris</span> <span class='ocrx_word' id='word_1_327' title='bbox 2038 3254 2171 3298; x_wconf 86' lang='lat' dir='ltr'>sociis</span> 
     </span>
     <span class='ocr_line' id='line_1_36' title="bbox 250 3331 2169 3394; baseline -0.005 -12"><span class='ocrx_word' id='word_1_328' title='bbox 250 3347 399 3394; x_wconf 89' lang='lat' dir='ltr'>partes</span> <span class='ocrx_word' id='word_1_329' title='bbox 422 3338 546 3381; x_wconf 92' lang='lat' dir='ltr'>orbis</span> <span class='ocrx_word' id='word_1_330' title='bbox 568 3337 719 3381; x_wconf 88' lang='lat' dir='ltr'>varias</span> <span class='ocrx_word' id='word_1_331' title='bbox 751 3336 1043 3392; x_wconf 86' lang='lat' dir='ltr'>assignasset,</span> <span class='ocrx_word' id='word_1_332' title='bbox 1073 3333 1183 3390; x_wconf 88' lang='lat' dir='ltr'>ipse,</span> <span class='ocrx_word' id='word_1_333' title='bbox 1219 3336 1367 3378; x_wconf 88' lang='lat' dir='ltr'>electo</span> <span class='ocrx_word' id='word_1_334' title='bbox 1396 3333 1479 3377; x_wconf 88' lang='lat' dir='ltr'>sibi</span> <span class='ocrx_word' id='word_1_335' title='bbox 1505 3334 1556 3377; x_wconf 91' lang='lat' dir='ltr'>fr.</span> <span class='ocrx_word' id='word_1_336' title='bbox 1584 3334 1774 3377; x_wconf 89' lang='lat' dir='ltr'>Masseo</span> <span class='ocrx_word' id='word_1_337' title='bbox 1795 3346 1879 3388; x_wconf 93' lang='lat' dir='ltr'>pro</span> <span class='ocrx_word' id='word_1_338' title='bbox 1902 3331 2024 3375; x_wconf 88' lang='lat' dir='ltr'>socio</span> <span class='ocrx_word' id='word_1_339' title='bbox 2048 3345 2169 3386; x_wconf 90' lang='lat' dir='ltr'>vero,</span> 
     </span>
     <span class='ocr_line' id='line_1_37' title="bbox 252 3407 2170 3469; baseline -0.004 -12"><span class='ocrx_word' id='word_1_340' title='bbox 252 3414 312 3457; x_wconf 90' lang='lat' dir='ltr'>ad</span> <span class='ocrx_word' id='word_1_341' title='bbox 349 3413 630 3469; x_wconf 89' lang='lat' dir='ltr'>provinciam</span> <span class='ocrx_word' id='word_1_342' title='bbox 671 3411 865 3456; x_wconf 91' lang='lat' dir='ltr'>Francie</span> <span class='ocrx_word' id='word_1_343' title='bbox 897 3411 981 3455; x_wconf 89' lang='lat' dir='ltr'>iter</span> <span class='ocrx_word' id='word_1_344' title='bbox 1018 3408 1205 3465; x_wconf 89' lang='lat' dir='ltr'>arripuit</span> <span class='ocrx_word' id='word_1_345' title='bbox 1242 3407 1315 3468; x_wconf 85' lang='lat' dir='ltr'>[cf.</span> <span class='ocrx_word' id='word_1_346' title='bbox 1355 3410 1566 3465; x_wconf 82' lang='lat' dir='ltr'>Fioretti‚</span> <span class='ocrx_word' id='word_1_347' title='bbox 1614 3411 1700 3469; x_wconf 91' lang='lat'>13].</span> <span class='ocrx_word' id='word_1_348' title='bbox 1785 3407 1808 3465; x_wconf 62' lang='grc' dir='ltr'><strong>ἓ</strong></span> <span class='ocrx_word' id='word_1_349' title='bbox 1849 3419 1905 3460; x_wconf 89' lang='lat'>4:</span> <span class='ocrx_word' id='word_1_350' title='bbox 1953 3407 2170 3461; x_wconf 86' lang='lat' dir='ltr'>Quadam</span> 
     </span>
     <span class='ocr_line' id='line_1_38' title="bbox 251 3482 2173 3545; baseline -0.003 -13"><span class='ocrx_word' id='word_1_351' title='bbox 251 3504 359 3533; x_wconf 90' lang='lat' dir='ltr'>vero</span> <span class='ocrx_word' id='word_1_352' title='bbox 390 3488 463 3533; x_wconf 88' lang='lat' dir='ltr'>die</span> <span class='ocrx_word' id='word_1_353' title='bbox 494 3488 810 3545; x_wconf 89' lang='lat' dir='ltr'>pervenientes</span> <span class='ocrx_word' id='word_1_354' title='bbox 847 3487 906 3530; x_wconf 91' lang='lat' dir='ltr'>ad</span> <span class='ocrx_word' id='word_1_355' title='bbox 943 3484 1249 3530; x_wconf 90' lang='lat' dir='ltr'>habitationes</span> <span class='ocrx_word' id='word_1_356' title='bbox 1279 3486 1504 3541; x_wconf 89' lang='lat' dir='ltr'>quasdam</span> <span class='ocrx_word' id='word_1_357' title='bbox 1536 3484 1751 3539; x_wconf 89' lang='lat' dir='ltr'>fidelium,</span> <span class='ocrx_word' id='word_1_358' title='bbox 1787 3497 1871 3539; x_wconf 92' lang='lat' dir='ltr'>pro</span> <span class='ocrx_word' id='word_1_359' title='bbox 1904 3482 2173 3527; x_wconf 83' lang='lat' dir='ltr'>necessitate</span> 
     </span>
    </p>
   </div>
   <div class='ocr_carea' id='block_1_10' title="bbox 1010 3602 1405 3655">
    <p class='ocr_par' dir='ltr' id='par_1_10' title="bbox 1010 3602 1405 3655">
     <span class='ocr_line' id='line_1_39' title="bbox 1010 3602 1405 3655; baseline -0.003 -14"><span class='ocrx_word' id='word_1_360' title='bbox 1010 3602 1101 3655; x_wconf 75' lang='lat' dir='ltr'>lcf.</span> <span class='ocrx_word' id='word_1_361' title='bbox 1123 3603 1317 3650; x_wconf 83' lang='lat' dir='ltr'>Fiorettz&#39;,</span> <span class='ocrx_word' id='word_1_362' title='bbox 1342 3614 1405 3641; x_wconf 84' lang='lat'>12.</span> 
     </span>
    </p>
   </div>
  </div>
 </body>
</html>
