2449 3927
231 209 336 246 110
379 190 900 246 DESCRIPTION
924 190 1026 242 OF
1043 187 1098 238 A
1117 185 1616 238 FRANCISCAN
1641 183 2147 235 MANUSCRIPT

222 363 366 397 anno
404 343 661 396 visitabat
702 343 818 408 ejus
859 341 1215 408 sepulchrum.
1297 337 1390 388 Ad
1438 336 1655 388 laudern
1702 335 1931 386 Domini
1978 335 2150 385 nostri

221 436 347 502 Jesu
378 434 578 486 Christi
608 434 700 499 qui
729 440 810 483 est
838 429 1157 484 benedictus
1185 429 1240 478 in
1269 427 1460 478 secula.
1540 426 1736 477 Amen.

341 529 385 570 T
379 530 435 572 lie
457 533 553 570 text
571 528 730 584 differs
737 529 873 585 from
896 527 1001 569 tlzat
1021 526 1072 568 in
1094 524 1321 567 Analecta
1345 521 1655 564 Franciscana
1681 521 1786 575 111„
1812 521 1913 563 and
1928 520 1969 562 is
1991 519 2153 576 chiefly

220 605 507 649 remarkable
528 604 578 646 in
612 604 715 646 tlzat
744 603 818 645 the
851 604 1092 660 confessor,
1123 599 1388 655 Raymund,
1417 598 1653 656 generally
1684 597 1849 654 speaks
1882 598 1932 640 in
1955 597 2031 639 the
2041 597 2156 652 first

209 684 411 737 person:
448 678 574 722 “Cui
598 693 685 733 ego
708 677 798 720 dixi
817 678 841 698 '²
868 678 1041 719 “Tunc
1075 690 1163 731 ego
1196 674 1386 718 miratus
1421 673 1484 716 fui
1507 673 1644 717 valde
1661 674 1683 694 '²
1704 689 1714 725 ;
1749 671 1989 715 “dicendo
2010 670 2152 724 mihi3

224 760 234 780 ‘
251 758 411 799 Frater
445 754 749 809 Raymunde‚'
769 754 793 774 ’'
812 761 895 796 etc.
959 753 992 794 I
991 758 1010 795 t
1030 753 1069 794 is
1090 753 1188 794 also
1216 752 1369 808 fuller
1394 751 1496 793 and
1515 751 1653 807 gives
1677 763 1801 792 inore
1822 749 2017 791 details:
2050 761 2150 805 ag„

223 831 313 875 “in
345 834 392 887 3⁰
416 844 540 874 anno
573 828 777 873 introitus
813 828 880 872 sui
914 828 974 872 ad
1005 827 1216 871 ordinem
1248 827 1331 869 fuit
1365 827 1513 869 factus
1545 824 1763 880 magister
1795 823 2073 868 novitiorum
2105 823 2152 866 in

223 909 387 950 Monte
414 906 674 960 Pessukmo,
700 904 777 948 ubi
800 913 909 948 tunc
932 911 1062 947 erant
1092 904 1193 959 plus
1216 917 1357 959 quam
1380 901 1536 957 viginti
1560 900 1718 944 novitii
1743 909 1788 944 et
1811 900 1856 943 in
1880 909 2007 943 sexto
2031 914 2152 943 anno

226 983 311 1027 fuit
334 984 481 1026 factus
506 989 661 1025 custos
684 980 921 1025 Avinionis
941 979 1000 1023 ''.1

94 1069 202 1119 218
334 1068 388 1136 (f.
427 1069 577 1134 160V)
617 1065 812 1131 Incipit
834 1082 1046 1115 sacrum
1080 1071 1452 1115 testamentum
1480 1062 1521 1114 b.
1551 1060 1834 1113 Francisci.
2166 1064 2448 1130 Testamentum

335 1158 606 1208 Dominus
654 1157 727 1206 ita
781 1154 933 1206 dedit
987 1154 1119 1205 mihi
1167 1153 1311 1203 fratri
1363 1153 1648 1203 Francisco
1696 1152 1932 1219 incipere
1979 1119 2449 1202 facereSAEranciscm

223 1250 595 1316 penitentiam,
647 1247 774 1314 quia
816 1276 886 1283 ——
929 1245 1003 1296 Et
1051 1261 1155 1310 ego
1203 1243 1366 1294 frater
1414 1243 1732 1293 Franciscus
1787 1242 2152 1308 pauperculus

221 1347 397 1390 vester
442 1345 498 1389 et
540 1354 743 1398 serVUS,
789 1344 1164 1402 quantumque
1208 1351 1449 1400 possum,
1496 1333 1760 1384 confirmo
1809 1332 1965 1383 vobis
2007 1334 2152 1383 intus

221 1436 276 1479 et
316 1428 444 1478 foris
487 1428 647 1478 istam
691 1426 1090 1476 sanctissimam
1133 1423 1588 1474 benedictionem.
1688 1421 1884 1473 Amen.

333 1516 566 1583 Explicit
587 1533 800 1566 sacrum
829 1522 1202 1565 testamentum
1231 1512 1373 1564 beati
1392 1512 1674 1563 Francisci.

93 1626 205 1677 219
334 1607 387 1674 (f.
441 1608 591 1673 161V)
630 1604 898 1671 Incipiunt
931 1603 1158 1670 capitula
1185 1602 1314 1653 libri
1322 1602 1532 1667 fratris
1559 1600 1749 1670 Egidii
1782 1602 1925 1666 layci
1955 1601 2154 1652 ordinis

203 1697 454 1762 fratran
493 1696 774 1747 minorum.
882 1694 969 1761 [21
1019 1693 1285 1759 capitula:
1336 1692 1467 1758 Cap.
1523 1693 1588 1743 i.:
1635 1692 1720 1742 De
1764 1691 2052 1742 virtutibus
2099 1690 2153 1741 in

208 1805 416 1855 genere.
502 1784 622 1852 Cap.
673 1786 823 1835 xxi:
881 1784 965 1833 De
1007 1782 1119 1832 vita
1164 1780 1602 1848 contemplativa]

334 1875 525 1942 Incipit
554 1875 820 1942 Prologus.

337 1966 480 2032 Quia
508 1966 663 2016 vivus
692 1973 773 2015 est
801 1981 980 2014 sermo
1011 1964 1117 2015 Dei
1159 1996 1230 2002 --
1272 1963 1561 2013 utilissima
1590 1961 1914 2029 redigamus

343 2056 396 2120 (f.
434 2056 556 2105 162r
577 2086 596 2092 -
619 2057 648 2105 f.
687 2056 836 2121 175V)
862 2054 1131 2120 Incipiunt
1153 2051 1376 2120 quedam
1405 2051 1562 2102 verba
1584 2052 1781 2111 fratris
1808 2051 1999 2118 Egz‘dz‘z'
2020 2051 2162 2115 layci

217 2145 421 2196 ordinis
449 2144 699 2209 fratrum
753 2144 1017 2195 minorum
1062 2143 1248 2211 quibus
1294 2142 1457 2192 nescio
1500 2141 1635 2209 quid
1679 2141 1895 2192 latentis
1940 2141 2153 2208 energia

221 2235 501 2286 videbatur
524 2235 672 2285 Deus
699 2235 836 2284 dans
863 2234 975 2285 voci
1006 2251 1098 2283 sue
1136 2250 1306 2283 vocem
1347 2231 1565 2282 virtutis
1603 2231 1732 2281 dum
1773 2248 1837 2283 ex
1873 2249 1957 2281 ore
1966 2231 2156 2294 frater

223 2324 454 2392 Egzdzus
479 2325 702 2390 profert.

337 2415 420 2465 De
445 2414 741 2465 virtutibus.
842 2412 962 2479 Cap,
983 2413 1238 2479 primuni.

338 2503 527 2555 Gratie
557 2503 662 2554 Dei
691 2511 744 2554 et
772 2504 1001 2554 virtutes
1042 2533 1113 2540 —
1153 2503 1303 2570 [expl.
1339 2502 1471 2568 Cap.
1518 2502 1631 2569 21.]
1712 2500 1844 2551 Noli
1872 2517 2058 2551 curare
2085 2499 2152 2550 de

222 2595 326 2657 hiis
355 2596 406 2646 in
435 2595 546 2644 vita
585 2602 678 2644 tua
719 2610 826 2659 que
867 2609 975 2644 non
1017 2593 1220 2658 poteris
1262 2600 1474 2658 portare
1515 2599 1694 2641 tecum
1735 2599 1861 2656 post
1901 2599 2150 2642 mortem.

224 2684 422 2735 Amen.
505 2682 701 2734 Amen.
783 2681 979 2733 Amen.

335 2773 567 2838 Explicit
591 2772 723 2822 liber
738 2771 914 2822 sancti
918 2771 1127 2835 fratris
1152 2771 1345 2838 Egidz'z‘
1370 2770 1590 2822 Ordinis
1616 2770 1691 2820 M
1690 2770 1909 2821 inorum.

343 2888 386 2929 T
384 2889 439 2931 lie
461 2891 789 2944 arrangement
809 2888 866 2944 os
880 2887 954 2929 tlie
974 2886 1150 2941 subject
1182 2890 1351 2928 matter
1366 2886 1529 2942 differs
1560 2900 1673 2944 very
1698 2886 1883 2943 greatiy
1900 2886 2027 2942 from
2050 2886 2155 2929 tlzat

224 2965 274 3007 in
298 2965 371 3008 the
397 2963 663 3021 Quaracchi
691 2963 909 3005 version:
942 2976 1023 3019 eg.
1064 2963 1173 3017 Cap.
1200 2961 1315 3004 xxiv.
1354 2961 1656 3018 (Quaracchi)
1690 2962 1731 3004 is
1755 2962 2082 3018 incorporated
2099 2963 2150 3006 in

227 3041 338 3097 Cap.
364 3040 390 3083 i.
421 3038 694 3096 (Phillipps).
760 3039 794 3080 J
809 3039 929 3081 nave
950 3043 1033 3081 not
1051 3038 1300 3080 examined
1316 3039 1390 3081 tlze
1412 3042 1509 3080 text
1528 3038 1825 3095 throughout.

98 3156 208 3193 220
337 3125 389 3193 (f.
443 3140 461 3176 Ι
475 3127 593 3192 75⁹)
632 3123 815 3174 Litera
853 3140 1016 3190 quain
1045 3119 1194 3172 misit
1229 3122 1411 3172 beatus
1449 3123 1761 3173 Franciscus
1802 3123 1871 3173 N.
1906 3120 2152 3190 generali
2165 3128 2352 3181 Epistola
2370 3120 2449 3166 ΠΜ

224 3215 483 3265 Ministro
520 3215 582 3265 de
621 3213 767 3264 inodo
805 3210 1063 3262 servandi
1083 3211 1220 3262 circa
1231 3212 1444 3275 fratres
1474 3213 1706 3263 subditos
1720 3221 1988 3278 peccantes
2015 3230 2149 3262 nior-

228 3303 416 3356 taliter.

334 3415 553 3454 1An0ther
582 3413 749 3453 version
779 3412 829 3451 of
861 3413 934 3451 the
964 3413 1034 3451 life
1067 3413 1126 3464 (to
1155 3413 1295 3451 which
1324 3413 1544 3452 Monsieur
1574 3412 1765 3452 Sabatier
1795 3413 1873 3452 has
1902 3412 2047 3451 drawn
2079 3424 2151 3462 my

229 3482 454 3535 attention)
476 3483 512 3521 is
535 3481 703 3533 printed
717 3482 760 3520 in
777 3481 920 3520 catal.
941 3481 1041 3521 Cod.
1057 3480 1277 3531 Hagiogr.
1297 3480 1411 3520 Bibl.
1425 3481 1531 3532 Reg.
1549 3480 1760 3529 Bruxell„
1783 3482 1856 3528 IL,
1873 3493 1940 3531 pp.
1958 3483 2148 3530 347·362,

226 3551 333 3590 from
364 3552 459 3590 MS.
490 3552 720 3600 2864-2871
752 3551 795 3590 in
826 3550 898 3589 the
929 3549 1060 3599 Royal
1091 3548 1267 3599 Library
1297 3556 1339 3587 at
1369 3549 1576 3588 Brussels.
1635 3549 1741 3587 This
1768 3549 1805 3587 is
1833 3555 1909 3587 not
1947 3547 2149 3587 identieal

226 3619 329 3658 with
350 3631 425 3658 our
444 3618 607 3658 version
627 3617 703 3657 but
724 3618 884 3668 closely
904 3615 1132 3656 resembles
1152 3617 1199 3655 it.
