2449 3927
222 173 290 224 54
344 160 866 213 DESCRIPTION
899 162 999 214 OF
1023 161 1077 212 A
1100 120 1600 214 FRANCISCAN
1629 163 2135 216 MANUSCRIPT

328 312 546 363 Virtute
587 330 658 363 ex
687 313 799 364 alto
840 313 893 385 (ξ
931 315 1019 381 14)
1045 344 1117 351 —
1143 315 1216 364 Et
1243 313 1404 364 beata
1433 313 1589 365 Clara
1618 315 1880 366 remansit
1907 332 1978 366 ex
2006 324 2137 367 tunc

216 400 270 450 in
311 399 555 452 Domino
594 401 753 453 valde
792 403 1086 454 consolata.
1181 402 1274 453 Ad
1317 403 1533 454 laudem
1577 403 1789 455 Christi.
1887 403 2089 457 Amen.

330 525 382 583 ἓξ
424 534 559 577 7-14:
606 532 653 568 et
690 524 750 568 ibi
799 525 1095 568 comedemus
1127 551 1184 557 —
1217 539 1376 569 omnes
1409 526 1620 569 sedentes
1653 534 1710 580 et,
1745 541 1825 569 are
1855 528 2053 582 omitted,
2079 542 2139 571 no

214 599 473 643 indication
505 603 564 659 of
584 602 660 644 tlze
692 602 908 645 omission
941 602 1078 659 being
1102 602 1264 659 given.
1332 604 1355 661 ᾗ
1395 614 1412 644 1
1437 616 1446 645 z
1497 601 1893 646 exhortationibus
1924 602 2138 658 visitaret,

210 674 288 718 illa
326 675 503 731 rogavit
540 676 708 733 pluries
745 679 933 721 beatum
973 677 1284 721 Franciscum.
1352 677 1375 735 ,ξ
1417 690 1472 721 2:
1508 676 1701 721 timebat
1737 679 1848 733 (for
1880 679 2138 735 renuebat).

214 752 236 809 ξ
272 763 328 804 4:
364 752 561 796 necdum
596 754 705 810 (for
731 753 953 810 nedum);
986 753 1131 808 potuit
1163 754 1273 810 (for
1302 752 1535 810 admittis).

326 828 348 886 g
390 839 471 884 15:
509 830 571 873 Et
603 837 709 872 tunc
741 828 1113 873 certitudinaliter
1148 828 1335 872 adverte
1372 836 1481 872 tunc
1519 830 1575 885 (1)
1613 828 1738 884 quod
1772 827 1846 872 ille
1883 836 1984 872 erat
2020 828 2138 885 ignis

211 902 392 947 divinus
425 904 502 960 qui
535 913 809 961 apperuerat
841 919 894 948 os
928 904 1221 949 devotionem
1260 913 1358 948 tam
1398 912 1660 948 sanctorum
1695 918 1836 961 quam
1869 912 2136 948 sanctarum

209 980 382 1024 dictum
415 982 566 1025 locum
597 981 739 1025 divini
772 980 941 1025 amoris
975 983 1031 1038 (Σ)
1066 1013 1076 1024 .
1112 1016 1120 1025 .
1156 1016 1165 1025 .
1201 981 1321 1024 unde
1354 988 1642 1024 recesserunt
1673 981 2062 1040 valde-consolati
2093 990 2139 1025 et

208 1055 367 1100 intime
391 1057 603 1101 edificati.

324 1135 348 1193 ἓ
378 1134 459 1176 16:
494 1136 544 1178 B.
579 1142 732 1178 autem
767 1136 838 1178 Fr.
873 1142 920 1178 et
940 1135 983 1177 b.
1003 1134 1069 1177 Cl.
1103 1147 1196 1177 una
1228 1147 1334 1176 curn
1369 1132 1528 1177 ceteris
1560 1132 1870 1177 consolatione
1903 1132 2057 1177 divina
2081 1133 2139 1177 de

208 1207 299 1253 alio
320 1208 424 1253 cibo
446 1225 609 1266 parum
632 1218 711 1254 aut
733 1209 846 1254 nihil
869 1217 1156 1254 curaverunt.

323 1286 346 1343 ἕ
392 1297 475 1339 17:
516 1287 647 1330 Tunc
685 1294 870 1343 sumpto
902 1285 1147 1330 benedicto
1181 1284 1389 1342 prandio,
1432 1286 1476 1328 S.
1517 1285 1655 1328 Clara
1688 1320 1698 1329 .
1733 1320 1742 1328 .
1778 1320 1786 1329 .
1825 1288 1847 1346 g
1879 1287 1960 1329 18:
1997 1285 2145 1344 After

206 1360 471 1405 abbatissa:
508 1363 633 1406 Nam
655 1361 733 1406 illo
755 1372 956 1419 ternpore
988 1362 1196 1406 mittebat
1220 1363 1264 1406 S.
1291 1363 1328 1405 F
1332 1361 1566 1405 ranciscus
1590 1375 1767 1406 sorores
1790 1362 1850 1405 ad
1873 1362 2138 1407 monasteri-

206 1451 337 1480 orum
371 1437 640 1482 exteriorum
673 1438 907 1495 regimina.
974 1440 1036 1483 Et
1072 1439 1319 1495 aliquando
1353 1437 1466 1482 dixit
1497 1439 1631 1482 beate
1665 1439 1825 1491 Clare3
1861 1440 1981 1482 Para
2013 1448 2071 1494 te,
2104 1439 2140 1483 si

206 1513 392 1558 aliunde
414 1523 645 1571 oporteret
668 1523 713 1559 te
734 1515 798 1560 ire
819 1530 1114 1573 quocumque
1137 1524 1181 1559 te
1205 1514 1384 1559 misero.
1455 1515 1517 1557 Et
1538 1513 1615 1557 illa
1631 1513 1748 1558 sicut
1764 1514 1857 1558 filia
1879 1515 2141 1559 obedientie

207 1590 419 1634 dicebat:
457 1593 625 1636 Parata
664 1607 778 1648 sum,
814 1602 958 1649 pater,
999 1606 1291 1649 quocumque
1324 1605 1398 1634 me
1437 1589 1611 1634 miseris
1650 1589 1848 1635 obedire.
1935 1592 1997 1635 Et
2034 1591 2142 1635 ideo

208 1681 385 1711 sorores
420 1668 601 1712 fuerunt
628 1670 767 1713 ‚valde
800 1668 957 1725 gavise
988 1669 1176 1726 quando
1207 1682 1315 1712 eam
1347 1668 1669 1711 rehabuerunt.
1737 1667 1800 1710 Et
1832 1667 1974 1711 beata
2007 1669 2143 1711 Clara

209 1743 344 1803 [etc.].

123 1863 190 1916 73
324 1837 376 1905 (f.
421 1841 542 1907 98V)
587 1838 833 1902 Qualiter
868 1837 1137 1889 Dominus
1176 1837 1436 1887 revelavit
1476 1843 1650 1886 sancte
1695 1833 1853 1886 Clare
1889 1843 1940 1885 et
1961 1835 2292 1900 fratriActus
2314 1838 2376 1878 16·

214 1927 470 1979 SzYvestro
508 1930 649 1996 quod
678 1937 893 1982 sanctus
933 1928 1247 1979 Franciscus
1275 1926 1549 1993 predicare
1587 1924 1800 1976 deberet.

327 2018 600 2086 Tempore
627 2037 739 2087 quo
781 2027 1001 2080 sanctus
1030 2018 1349 2069 Franciscus
1392 2017 1447 2067 in
1490 2033 1587 2066 sue
1626 2015 1997 2066 conversionis
2038 2016 2143 2082 pri-

213 2108 440 2171 mordio,
486 2127 611 2161 cum
655 2110 769 2176 jam
825 2110 1005 2177 plures
1052 2108 1229 2159 socios
1278 2114 1646 2175 aggregasset,
1699 2113 1891 2172 postea
1940 2106 2041 2157 fuit
2088 2107 2142 2157 in

214 2214 414 2265 magne
453 2230 598 2237 --—-
642 2200 747 2252 Dei
789 2198 1130 2267 providentie
1170 2216 1229 2248 se
1269 2197 1636 2250 committunt.
1721 2196 1797 2247 Et
1837 2195 1962 2246 ideo
2005 2196 2142 2247 tales

212 2304 309 2355 per
346 2288 621 2341 Christum
651 2291 832 2358 aquile
857 2289 1266 2357 appellant[ur],
1293 2305 1420 2339 cum
1460 2289 1567 2339 ait:
1608 2287 1940 2354 ubicumque
1981 2287 2143 2338 fuerit

212 2394 425 2443 corpuS,
489 2380 614 2431 illuc
675 2364 1152 2447 congregabuntur
1205 2387 1260 2430 et
1312 2378 1505 2445 aquile.
1604 2376 1792 2429 Sancti
1849 2379 1996 2427 enim
2049 2378 2143 2444 qui

213 2478 434 2535 sperant
474 2471 529 2521 in
571 2471 838 2534 DominO,
867 2478 1150 2522 assument
1178 2486 1386 2537 pennas
1428 2476 1488 2520 ut
1528 2467 1723 2535 aquile,
1770 2467 2036 2519 volabunt
2075 2466 2144 2518 ad

213 2557 564 2612 Altissimum
618 2562 926 2613 Dominum
979 2569 1035 2612 et
1086 2577 1197 2611 non
1255 2559 1509 2611 deficient
1556 2559 1610 2609 in
1659 2556 1947 2610 eternum.1
2053 2556 2145 2608 Ad

213 2649 432 2701 laudem
474 2650 692 2704 Christi.
786 2651 988 2703 Amen.

330 2775 353 2832 g
389 2787 445 2818 2:
487 2775 548 2819 Et
579 2774 793 2832 cupiebat
825 2775 961 2819 valde
993 2772 1106 2818 scire
1137 2773 1247 2830 quid
1279 2774 1441 2816 horum
1475 2770 1673 2827 amplius
1706 2771 1912 2827 placeret
1946 2769 2150 2814 Domino

214 2858 370 2894 nostro
392 2852 504 2906 Jesu
527 2850 724 2896 Christo,
791 2852 944 2895 Causa
965 2849 1135 2907 quippe
1168 2848 1436 2893 humilitatis
1469 2861 1561 2891 non
1593 2846 1888 2904 permittebat
1921 2848 1965 2891 S.
2002 2848 2147 2890 Fran-

217 2925 389 2970 ciscum
411 2927 470 2970 de
493 2941 542 2972 se
563 2927 662 2983 ipso
686 2942 962 2984 presumere.

331 3004 354 3061 ξ
381 3016 406 3059 3
428 3019 437 3046 :
476 3005 629 3047 Deum
650 3012 812 3060 rogent
831 3013 883 3047 ut
907 3002 1043 3047 michi
1065 3003 1247 3058 placeat
1270 3000 1472 3045 indicare
1496 3014 1555 3044 an
1588 2998 1684 3043 aliis
1717 2998 1961 3055 predicem.
2030 2999 2053 3056 g
2089 3009 2146 3051 4:

215 3079 332 3123 vade
367 3080 478 3138 (sor
502 3080 693 3138 vadas):
730 3081 817 3124 sub
848 3079 1026 3124 Assisio
1058 3079 1173 3137 (sor
1200 3076 1430 3134 Subasio).
1499 3075 1645 3135 After
1670 3073 1902 3118 similiter:
1942 3075 2035 3117 Iste
2067 3072 2149 3116 suit

216 3154 289 3199 ille
310 3155 520 3199 dominus
545 3156 759 3201 Silvester
781 3155 858 3214 qui
881 3169 1062 3200 crucem
1085 3168 1271 3198 auream
1288 3152 1400 3197 vidit
1415 3151 1742 3208 procedentem
1760 3165 1815 3193 ex
1836 3164 1916 3193 ore
1940 3150 1982 3193 b.
2009 3151 2149 3192 Fran-

219 3231 326 3275 cisci
358 3231 404 3275 in
437 3233 626 3288 longum
658 3247 803 3291 usque
836 3232 896 3276 ad
930 3233 1079 3276 celum
1112 3238 1160 3274 et
1192 3230 1238 3273 in
1270 3230 1417 3273 latum
1451 3242 1599 3284 usque
1632 3227 1692 3270 ad
1725 3225 1886 3269 mundi
1921 3226 2048 3280 fines,
2072 3223 2150 3281 qui

221 3316 318 3351 erat
338 3315 462 3351 tante
485 3308 742 3353 devotionis
766 3316 810 3352 et
832 3306 977 3364 gratie
998 3306 1125 3364 quod
1146 3305 1473 3362 quodcumque
1494 3303 1771 3359 postulabat,
1795 3297 1948 3345 statim
1978 3298 2149 3356 aperie-

221 3383 358 3425 batur
399 3384 471 3426 vel
512 3384 841 3428 exaudiebatur
883 3398 911 3427 a
956 3385 1060 3427 Deo
1095 3381 1183 3440 [cf.
1216 3381 1427 3435 Fz’orettz‘,
1475 3379 1559 3438 16].
1649 3379 1672 3436 ἓ
1719 3390 1800 3431 14:
1850 3377 1911 3421 ad
1950 3384 2150 3419 castrum

334 3495 350 3520 ¹
366 3496 458 3536 The
477 3498 557 3536 last
579 3507 662 3538 two
680 3506 899 3538 sentences
919 3510 990 3537 are
1010 3504 1084 3536 not
1103 3497 1146 3535 in
1166 3496 1239 3535 the
1259 3494 1437 3535 Fioretti
1455 3505 1467 3532 .·
1501 3493 1583 3533 and
1600 3493 1643 3531 in
1673 3504 1792 3531 some
1821 3491 1941 3530 other
1963 3498 2154 3541 respects

226 3564 452 3605 Sabatier’s
473 3574 560 3605 text
579 3567 627 3606 of
642 3567 726 3605 this
746 3567 917 3618 chapter
938 3565 1167 3606 resembles
1186 3576 1301 3603 more
1319 3561 1480 3613 closely
1501 3561 1574 3600 the
1595 3557 1775 3601 Fioretti
1794 3558 1974 3598 version.
