2449 3927
391 213 825 265 FORMERLY
869 213 950 263 IN
994 213 1159 264 THE
1198 215 1599 269 PHILLIPPS
1644 219 1994 272 LIBRARY
2093 227 2158 288 83

235 366 505 428 continue,
539 364 754 431 rogavit
787 364 1089 416 Dominum
1133 367 1188 417 in
1231 368 1405 432 prima
1446 377 1607 420 nocte
1634 378 1693 421 ut
1722 371 1822 421 sibi
1851 373 2164 426 ostenderet

234 454 287 504 in
330 454 513 521 aliquo
555 471 650 520 per
689 453 838 520 quod
879 471 1213 520 cognoscere
1253 466 1453 522 posset,
1499 467 1680 510 utrum
1724 469 1866 512 esset
1905 463 2162 515 voluntas

233 560 330 594 sua
359 542 505 610 quod
535 551 779 594 maneret
820 544 910 595 ibi.
995 545 1140 596 Nam
1184 545 1237 599 b.
1285 547 1604 600 Franciscus
1646 568 1862 617 semper
1901 554 2162 606 sollicitus

233 633 348 695 fuit,
377 650 500 684 cum
529 641 697 684 staret
725 634 780 684 in
810 633 998 700 aliquo
1028 634 1149 686 loco
1190 637 1451 688 continue
1478 637 1546 688 ad
1577 640 1894 704 orationem,
1925 643 2009 693 vel
2036 661 2159 695 cum

230 724 329 773 iret
359 728 454 789 per
482 722 746 775 mundum
788 723 1135 789 predicand0‚
1175 742 1505 794 cognoscere
1533 729 1870 782 voluntatem
1915 731 2161 797 Domini,

230 813 530 864 secundum
571 829 738 879 quam
780 812 880 863 sibi
924 815 1096 879 magis
1136 815 1350 881 placere
1389 826 1607 883 posset:
1657 820 1787 885 quia
1826 821 2162 890 quandoque

231 902 461 954 timebat
501 920 571 953 ne
612 903 714 953 sub
755 904 934 968 specie
975 905 1240 955 remotius
1284 906 1540 958 manendi
1583 908 1636 958 in
1678 910 1926 961 oratione
1965 928 2160 981 corpu-s

229 992 391 1043 vellet
437 994 728 1059 quiescere,
779 992 1079 1044 recusando
1129 994 1374 1046 laborem
1422 997 1587 1047 eundi
1634 1016 1730 1064 per
1777 999 2044 1051 mundum
2091 1002 2160 1052 ad

230 1081 638 1149 predicandum,
690 1100 787 1148 pro
840 1100 949 1149 quo
1003 1083 1254 1136 Christus
1309 1085 1378 1136 de
1432 1087 1551 1137 celo
1598 1088 1652 1138 in
1700 1088 1845 1141 hunc
1893 1081 2161 1146 mundum

227 1171 545 1223 descendit.1
626 1172 774 1224 Ymo
797 1174 890 1239 qui
914 1173 1018 1224 sibi
1040 1173 1220 1225 dilecti
1240 1193 1270 1226 a
1294 1176 1416 1227 Deo
1438 1176 1780 1241 videbantur,
1801 1180 1901 1231 hos
1925 1181 2158 1234 faciebat

226 1279 416 1329 rogare
455 1263 760 1313 Dominum
803 1270 863 1313 ut
902 1263 1217 1316 ostenderet
1257 1265 1334 1316 eis
1377 1284 1531 1321 suam
1571 1269 1934 1332 voluntatem,
1974 1279 2156 1323 utrum

224 1353 447 1404 deberet
475 1354 552 1403 ire
580 1370 676 1419 per
717 1352 983 1404 mundum
1027 1354 1362 1419 predicando
1404 1375 1473 1408 an
1515 1358 1813 1425 aliquando
1856 1377 2074 1413 manere
2101 1363 2155 1414 in

223 1444 408 1510 aliquo
430 1449 640 1494 remoto
662 1442 787 1493 loco
810 1442 879 1493 ad
901 1444 1217 1497 orationem.
1304 1446 1375 1497 Et
1397 1464 1615 1499 summo
1638 1466 1796 1500 mane
1813 1449 1883 1501 ad
1901 1468 2152 1503 auroram

223 1550 348 1584 cum
377 1541 544 1584 staret
572 1531 642 1584 ad
670 1534 992 1596 orationem,
1022 1533 1090 1584 de
1124 1533 1352 1587 diversis
1381 1538 1672 1603 generibus
1701 1537 1862 1590 aves2
1890 1550 2155 1594 venerunt

220 1641 382 1690 super
427 1623 622 1674 cellam
669 1622 761 1673 ubi
809 1623 1078 1686 manebat,
1125 1642 1236 1676 non
1283 1626 1588 1679 coadunate
1635 1629 1812 1692 simul,
1865 1630 1959 1681 sed
2008 1633 2153 1698 prius

218 1713 472 1764 veniebat
514 1730 618 1764 una
659 1720 714 1763 et
754 1713 1011 1764 cantabat
1058 1712 1303 1769 dulciter?
1335 1715 1583 1768 faciendo
1630 1736 1846 1770 versum
1894 1737 2050 1772 suum
2099 1729 2153 1772 et

215 1811 407 1870 postea
447 1802 765 1866 recedebat;
811 1810 866 1854 et
905 1803 1010 1854 alia
1048 1805 1304 1855 veniebat
1342 1814 1397 1857 et
1438 1807 1696 1860 cantabat
1740 1817 1794 1860 et
1834 1810 2153 1875 recedebat3

220 1902 276 1946 et
315 1895 393 1945 sic
434 1910 628 1948 omnes
670 1892 926 1945 fecerunt.
1011 1893 1087 1944 Et
1134 1895 1433 1960 plurimum
1475 1896 1545 1948 de
1585 1897 1690 1949 hoc
1731 1898 2029 1951 admiratus
2070 1909 2152 1953 est

208 1984 269 2053 b·
322 1984 637 2035 Franciscus
679 1990 734 2033 et
772 1982 962 2034 habuit
1011 1983 1139 2034 inde
1185 1986 1486 2037 maximam
1533 1988 1998 2052 consolationem;
2055 1991 2150 2042 sed

217 2075 362 2140 cepit
403 2072 651 2124 meditari
694 2072 827 2139 quid
874 2072 980 2124 hoc
1026 2081 1179 2137 esset,
1224 2082 1281 2126 et
1324 2074 1533 2128 dictum
1576 2078 1676 2129 fuit
1717 2079 1818 2129 sibi
1861 2080 1916 2130 in
1958 2081 2148 2146 spiritu

218 2182 249 2215 a
277 2163 555 2215 Domino:
599 2162 727 2213 Hoc
755 2163 973 2228 signum
1001 2170 1083 2214 est
1110 2163 1261 2230 quod
1291 2165 1570 2218 Dominus
1599 2167 1902 2220 benefaciet
1931 2171 1984 2220 in
2012 2171 2148 2222 cella

213 2255 318 2305 ista
365 2261 419 2304 et
475 2252 675 2304 multas
728 2251 884 2303 dabit
936 2254 1352 2306 consolationes,
1454 2255 1621 2322 Quod
1675 2259 1984 2310 ita'verum
2032 2261 2145 2312 fuit.

216 2343 362 2395 Nam
405 2345 542 2394 inter
582 2342 714 2393 alias
757 2342 956 2393 multas
1001 2344 1406 2396 consolationes
1452 2348 1695 2398 occultas
1736 2356 1793 2400 et
1833 2350 2147 2401 manifestas

213 2451 351 2500 quas
379 2433 482 2484 sibi
517 2432 750 2483 contulit
792 2432 1084 2497 Dominus,
1112 2442 1333 2486 ostensa
1374 2443 1457 2486 est
1496 2436 1573 2487 illi
1600 2438 1739 2488 visio
1781 2438 2050 2505 Seraphin
2077 2439 2148 2492 de

213 2540 322 2590 qua
364 2523 595 2574 multum
636 2522 831 2572 habuit
872 2522 1309 2576 consolationem
1354 2526 1410 2576 in
1457 2526 1638 2578 anima
1678 2545 1775 2582 sua
1815 2529 1956 2580 inter
1995 2547 2053 2580 se
2092 2538 2147 2581 et

213 2613 521 2664 Dominum
551 2620 669 2664 toto
711 2620 960 2678 tempore
988 2613 1098 2663 vite
1138 2630 1247 2665 sue.
1332 2615 1406 2666 Et
1446 2615 1649 2668 factum
1693 2626 1777 2669 est
1805 2617 1935 2669 dum
1965 2621 2144 2670 socius

214 2703 330 2767 ejus
359 2711 598 2768 portaret
624 2702 673 2753 ei
702 2703 1155 2753 commestionem
1197 2704 1319 2770 ipso
1359 2704 1448 2756 die
1484 2708 1721 2758 narravit
1748 2708 1796 2758 ei
1825 2709 2011 2760 omnia
2038 2727 2144 2776 que

214 2792 319 2843 sibi
368 2790 688 2844 acciderant.
785 2791 861 2843 Et
907 2792 1033 2842 licet
1074 2792 1326 2845 habuerit
1381 2796 1582 2847 multas
1636 2799 2040 2849 consolationes
2087 2800 2143 2850 in

214 2883 348 2932 cella
390 2882 495 2944 illa,
540 2882 739 2933 multas
786 2889 972 2932 tamen
1005 2882 1394 2935 ,tribulationes
1443 2885 1684 2938 fecerunt
1725 2888 1829 2938 sibi
1873 2887 1942 2939 de
1982 2896 2143 2940 nocte

213 2970 492 3033 demoneS‚
521 2970 846 3022 sicutidem
888 2972 1037 3021 socio
1078 2990 1178 3024 suo
1218 2977 1468 3026 narravit.
1554 2975 1718 3027 Unde
1757 2977 1996 3044 quadam
2026 2979 2142 3029 vice

213 3060 386 3112 dixit:
454 3060 512 3113 Si
573 3062 770 3112 scirent
830 3060 1017 3111 fratres
1077 3071 1213 3128 quot
1273 3065 1650 3117 tribulationes
1713 3066 1915 3118 faciunt
1975 3068 2428 3135 michiSpec.Perf.‚

211 3151 487 3211 demones
519 3151 696 3202 nullus
738 3159 882 3201 esset
923 3150 1139 3202 illorum
1180 3155 1273 3219 qui
1315 3155 1577 3220 pietatem
1620 3173 1880 3222 magnam
1910 3164 1963 3207 et
1991 3140 2383 3242 com-ffigngjezfssj

211 3242 521 3307 passionem
552 3240 619 3290 de
659 3257 747 3290 me
786 3237 978 3308 [non]3
1016 3242 1254 3294 haberet.
1337 3243 1411 3294 Et
1451 3243 1595 3306 ideo,
1637 3245 1777 3295 sicut
1820 3245 2135 3297 multotiens

208 3330 354 3382 dixit
401 3330 559 3381 sociis
606 3331 728 3392 suiS‚
777 3347 888 3381 non
943 3339 1160 3398 poterat
1206 3332 1275 3383 de
1322 3350 1380 3383 se
1427 3334 1734 3384 satisfacere
1782 3334 2036 3386 fratribus
2084 3344 2138 3387 et

314 3478 330 3503 1
346 3478 416 3530 Cf.
457 3478 579 3526 Bon.‚
617 3478 720 3530 Leg.
762 3479 875 3531 Maj.
914 3479 1002 3527 xii„
1036 3483 1058 3529 ἓ
1094 3492 1129 3528 1,
1170 3484 1194 3503 ‘⁴
1209 3479 1260 3520 de
1296 3481 1391 3520 sinu
1428 3481 1563 3521 Patris
1596 3480 1817 3521 descendit
1835 3482 1858 3500 ’'
1891 3482 1960 3536 (cs.
1996 3485 2141 3531 Actus,

208 3548 310 3598 Cap.
346 3547 427 3598 16).

316 3614 333 3638 2
349 3614 417 3662 Cf.
439 3614 569 3653 Actus
591 3625 630 3662 9,
651 3616 672 3662 ξ
694 3626 759 3665 23,
780 3617 821 3653 et
839 3627 921 3666 seq.
1277 3614 1295 3640 ³
1311 3628 1396 3655 non
1415 3616 1554 3655 added
1569 3614 1615 3655 in
1635 3616 1816 3668 margin.
