2449 3927
217 175 286 235 48
351 173 884 225 DESCRIPTION
910 175 1009 226 OF
1033 174 1086 226 A
1111 176 1613 229 FRANCISCAN
1640 137 2145 234 MANbSCRIPT

329 322 351 379 ξ
378 335 435 377 3:
472 322 534 365 Et
556 322 673 367 sicut
695 339 810 367 unus
835 325 894 367 de
927 325 1171 368 duodecim
1206 326 1422 381 apostolis
1455 329 1680 383 reprobus
1715 329 1864 372 factus
1897 331 2063 386 laqueo
2097 343 2146 376 se

210 397 457 453 suspendit,
482 397 546 441 ita
570 414 688 442 unus
711 400 770 442 de
796 399 929 443 sociis
962 399 1086 444 beati
1116 401 1362 457 Francisci‚
1390 401 1482 446 scil.
1508 404 1558 447 fr.
1593 404 1831 459 Johannes
1865 405 1923 448 de
1956 407 2146 462 Capella

207 473 402 530 nomine,
437 477 602 532 laqueo
632 491 682 520 se
715 477 967 532 suspendit,
999 492 1058 520 ne
1089 477 1229 521 etiam
1260 478 1306 521 in
1329 480 1418 522 hoc
1451 481 1614 523 beatus
1650 483 1687 523 F
1689 481 1923 524 ranciscus
1959 483 2145 527 Christo

206 549 435 594 dissimilis
458 551 699 607 videretur,
725 554 848 609 quod
871 553 1042 597 factum
1078 553 1174 609 fuit,
1201 563 1245 597 et
1277 563 1346 597 est
1378 570 1601 611 magnum
1633 558 1952 612 spectaculum
1988 559 2143 602 electis

205 626 419 670 omnibus
440 627 707 672 humilitatis
729 630 926 684 perfecte
960 628 1134 673 timoris
1167 629 1370 673 altissimi
1405 630 1634 675 incurrere
1668 633 1854 687 malum,
1880 647 1938 676 ne
1972 633 2144 678 scilicet

206 702 308 757 quis
329 713 561 758 presumat
583 713 630 748 et
650 706 799 747 nullus
833 704 1052 760 glorietur
1083 704 1281 748 inaniter
1299 722 1310 758 ;
1346 721 1451 749 cum
1484 721 1621 751 omne
1655 708 1814 751 datum
1849 708 2074 764 optimum
2097 718 2143 754 et

202 794 338 823 omne
359 780 531 824 donum
553 783 806 838 perfectum
840 797 867 825 a
891 789 1020 837 patre
1051 781 1274 824 luminum
1307 782 1536 826 derivetur
1569 782 1641 842 [cs.
1677 784 1886 839 fizorettss
1919 784 1973 842 1].
2035 785 2057 843 ’3
2084 797 2139 838 4:

203 855 263 899 Et
286 855 400 900 sicut
426 857 571 901 sancti
604 857 796 914 aposto-li
831 858 1011 900 fuerunt
1045 893 1053 901 .
1089 893 1097 901 .
1134 893 1142 901 .
1178 872 1271 901 non
1305 858 1467 902 habuit
1502 868 1596 903 tam
1630 860 1876 916 mirabiles,
1913 869 2008 904 tam
2047 869 2141 904 stu-

204 933 381 987 pendos
414 933 637 978 homines.

318 1010 340 1068 §
366 1023 392 1065 9
413 1025 420 1052 :
457 1012 519 1053 Et
542 1010 606 1054 sic
627 1025 786 1054 omnes
809 1009 1103 1066 prerogativa
1125 1010 1417 1054 sanctissima
1453 1012 1635 1055 fuerunt
1669 1012 1789 1055 sicut
1822 1022 1960 1056 antea
1994 1012 2140 1068 patuit

209 1086 315 1142 (for
331 1094 376 1129 et
399 1085 464 1129 sic
496 1112 553 1117 —
587 1086 745 1143 infra).

323 1161 345 1218 ἓ
376 1176 423 1205 ΙΙ
449 1178 457 1205 :
495 1165 621 1206 Dum
646 1164 688 1207 S.
715 1164 786 1207 Fr.
812 1164 965 1207 adhuc
997 1178 1090 1207 non
1123 1172 1244 1207 esset
1275 1162 1320 1206 in
1354 1162 1518 1206 habitu
1551 1164 1748 1218 regulari
1782 1166 1865 1208 sed
1898 1165 1943 1208 in
1976 1164 2139 1208 habitu

199 1238 388 1281 seculari
407 1240 504 1295 jam
526 1239 682 1283 relicto
703 1240 877 1283 mundo
900 1247 1022 1283 totus
1045 1240 1292 1296 despectus
1314 1239 1358 1282 in
1378 1254 1459 1295 spe
1484 1239 1625 1283 seculi
1648 1241 1933 1297 desperatus.

320 1314 342 1372 ξ
374 1328 453 1358 12:
489 1330 629 1371 quarn
663 1315 888 1360 extraneis
926 1315 1248 1372 impellebatur
1284 1324 1327 1359 et
1366 1315 1540 1372 injuriis
1585 1315 1875 1361 afficiebatur
1922 1316 2137 1361 maximis

204 1391 310 1449 (for
336 1404 476 1447 quam
514 1393 574 1435 ab
610 1391 837 1436 extraneis
870 1417 926 1422 —
957 1391 1178 1449 injuriis):
1219 1406 1301 1436 om.
1343 1391 1475 1434 hilari
1514 1391 1641 1435 facie.

318 1467 452 1525 §232
489 1503 496 1511 .
534 1502 542 1511 .
581 1504 589 1512 .
625 1468 1006 1512 Condescendere
1037 1468 1327 1524 dignabatur,
1369 1476 1412 1512 et
1447 1481 1528 1523 per
1561 1466 1711 1524 ipsum
1745 1477 1958 1512 sanctum
1994 1470 2135 1512 Fran-

198 1544 369 1588 ciscum
399 1547 727 1601 pauperculum
759 1546 817 1589 de
852 1545 1010 1590 salutis
1042 1545 1247 1589 remedio
1280 1544 1364 1588 sibi
1388 1553 1432 1588 et
1456 1543 1555 1588 aliis
1577 1544 1822 1600 providere
1846 1544 2134 1600 disponebat,

330 1621 352 1679 ἕ
379 1635 467 1675 24:
501 1622 749 1666 illustratus
777 1621 1224 1680 (serilluminatus):
1260 1635 1349 1677 que
1379 1635 1460 1677 per
1494 1620 1644 1676 ipsum
1680 1628 1725 1663 et
1762 1634 1896 1663 suum
1928 1620 2136 1664 ordinem

201 1700 329 1741 Deus
363 1707 481 1742 esset
516 1699 730 1743 fact-urus,

319 1774 341 1832 ἓ
374 1788 426 1830 31
451 1790 460 1817 :
497 1775 674 1831 aperuit
695 1775 844 1831 ipsum
872 1775 978 1834 (for
993 1774 1316 1830 evangelium).

302 1851 353 1908 ἐξ
396 1865 504 1906 32-4
524 1867 532 1895 :
573 1853 625 1895 In
648 1866 743 1908 qua
765 1851 1001 1908 apertione
1025 1851 1175 1908 primo
1198 1850 1393 1895 occurrit
1414 1865 1422 1893 :
1461 1851 1507 1895 Si
1531 1850 1599 1893 vis
1624 1850 1855 1906 perfectus
1889 1861 1991 1891 esse
2014 1848 2134 1892 vade

197 1936 241 1970 et
281 1928 457 1972 vendas
494 1936 577 1972 etc.
666 1930 719 1971 In
761 1937 809 1971 2a
838 1928 1094 1984 apertione:
1134 1927 1287 1971 Nichil
1326 1926 1521 1970 tuleritis
1558 1926 1602 1969 in
1647 1925 1733 1970 via.
1821 1928 1874 1970 In
1915 1932 1965 1982 3a
2003 1942 2132 1983 aper-

199 2004 320 2047 tione
343 2003 539 2047 occurrit
559 2020 567 2047 :
611 2004 701 2059 Qui
724 2006 820 2048 vult
843 2003 998 2047 venire
1023 2012 1125 2060 post
1147 2018 1234 2058 me,
1260 2012 1346 2047 etc.

315 2081 337 2138 ἕ
365 2082 449 2135 36:
491 2080 770 2137 pauperibus
794 2095 899 2123 cum
922 2079 1094 2136 gaudio
1118 2079 1360 2123 tribuebat.
1434 2083 1456 2138 ᾗ
1483 2080 1539 2134 38
1561 2093 1571 2121 ε
1607 2078 1838 2134 lapidibus
1861 2095 1978 2137 quos
2001 2095 2025 2124 a
2058 2093 2132 2122 me

194 2156 344 2200 emisti
362 2170 443 2213 pro
459 2157 725 2212 reparandis
744 2156 965 2200 ecclesiis,
1029 2156 1052 2213 ἕ
1073 2168 1130 2211 43
1151 2171 1159 2199 ε
1197 2164 1241 2199 et
1255 2169 1394 2211 supra
1414 2154 1562 2211 patuit
1591 2156 1700 2212 (for
1712 2163 1757 2198 et
1780 2155 1896 2199 infra
1918 2155 2129 2212 patebit).

113 2275 181 2329 59
311 2250 363 2316 (f.
397 2251 513 2316 90¹)
555 2249 637 2299 De
662 2248 965 2299 humilitate
1007 2257 1057 2298 et
1079 2247 1368 2299 obedientia
1408 2246 1586 2296 samri
1622 2246 1901 2297 Francz'scz‘
1936 2256 1986 2297 et
2001 2247 2127 2311 fra·
2147 2253 2275 2292 Actus
2296 2263 2335 2291 2.

198 2340 296 2390 tris
321 2339 603 2391 Bernardz‘.

306 2444 707 2496 Devotissimus
754 2442 1014 2496 Crucifixi
1062 2459 1245 2493 servus
1293 2442 1484 2492 beatus
1526 2440 1845 2491 Franciscus
1885 2472 1955 2478 --
1999 2442 2125 2492 talis

195 2551 380 2601 pugna
409 2535 664 2598 certabat,
692 2551 825 2601 ymo
854 2533 1153 2584 obviabant
1181 2540 1235 2583 et
1277 2533 1483 2594 caritaS‚
1515 2532 1776 2597 patientia
1818 2539 1872 2582 et
1913 2532 2125 2582 humili-

194 2633 277 2676 tas
305 2627 596 2692 utriusque.
683 2624 774 2675 Ad
803 2622 1021 2675 laudem
1052 2622 1268 2675 Christi.
1355 2620 1550 2672 Amen.

308 2731 331 2789 g
358 2740 412 2773 2:
449 2728 566 2771 Add
580 2727 704 2786 after
720 2726 1009 2770 Bernardus:
1046 2732 1091 2768 et
1113 2725 1409 2781 loquerentur
1434 2722 1693 2767 adinvicem
1726 2723 1785 2766 de
1818 2723 1995 2767 divinis.
2063 2724 2125 2766 Et

194 2818 299 2847 cum
332 2803 615 2859 pervenisset
654 2804 714 2847 ad
737 2805 900 2857 locum,
934 2803 1071 2845 frater
1107 2801 1370 2845 Bernardus
1402 2800 1553 2843 stabat
1576 2798 1620 2842 in
1656 2798 1769 2843 silva
1803 2800 1876 2857 [ch
1910 2799 2120 2854 Fz’orettz‘,

192 2880 249 2938 3].
317 2883 422 2940 §9;
456 2880 520 2922 nil
555 2879 773 2924 audiebat
798 2881 910 2936 (for
937 2876 1117 2934 penitus
1150 2892 1242 2920 non
1277 2875 1508 2932 advertit).
1577 2876 1599 2933 ᾖ
1641 2876 1723 2918 16:
1760 2875 1871 2919 illud
1895 2874 2124 2919 curialiter

193 2963 417 3012 quantum
440 2955 587 3011 potuit
609 2954 890 3011 adimplevit.

105 3065 179 3115 60
308 3049 359 3114 (f.
404 3049 523 3115 oov)
563 3048 647 3099 De
677 3049 861 3111 fratre
926 3045 1201 3097 Bernardo
1252 3044 1499 3111 quomodo
1544 3045 1765 3111 angelus
1817 3044 2123 3094 transduxit
2134 3060 2262 3099 Actus
2282 3072 2322 3110 3·

192 3156 309 3188 eum
337 3148 439 3205 per
461 3139 665 3206 flumen

310 3224 372 3278 In
421 3229 681 3295 principio
728 3226 931 3277 ordinis
958 3255 1028 3262 —-
1061 3224 1225 3275 Unde
1270 3225 1568 3275 certissime
1610 3222 2003 3274 advertendum
2034 3231 2116 3273 est

192 3318 340 3382 quod
366 3319 458 3384 *ille
488 3318 630 3368 idem
679 3316 902 3382 angelus
931 3316 1061 3380 ipsis
1091 3323 1145 3365 et
1174 3314 1246 3364 illi
1276 3312 1472 3363 eodem
1501 3312 1590 3363 die
1617 3320 1671 3363 et
1693 3313 1826 3362 hora
1849 3313 2113 3378 apparuit.

193 3405 287 3455 Ad
315 3407 529 3457 laudem
557 3407 769 3458 Christi.
856 3404 1051 3455 Amen.

305 3506 327 3562 g}
352 3516 406 3557 4:
443 3505 503 3547 Et
527 3518 629 3547 cum
653 3510 969 3559 pernoctarent
991 3509 1036 3545 et
1065 3509 1247 3544 orarent
1269 3501 1312 3544 in
1349 3502 1519 3544 Sancto
1552 3501 1728 3556 Jacobo
1761 3499 1842 3542 fuit
1866 3499 1950 3542 sibi
1985 3513 2113 3543 reve-

191 3578 332 3620 latum
365 3594 393 3622 a
425 3582 528 3622 Deo
560 3578 606 3621 in
629 3578 730 3634 ipsa
761 3577 955 3622 ecclesia
987 3577 1113 3633 quod
1146 3576 1244 3633 ipse
1278 3585 1470 3632 caperet.
1541 3578 1563 3632 ᾗ
1603 3587 1656 3629 7:
1692 3574 1975 3619 orationibus
2012 3576 2120 3634 (for
