2449 3927
51 518 152 572 154

173 169 243 218 80
304 161 829 215 DESCRIPTION
858 161 956 213 OF
980 160 1032 211 A
1057 158 1556 211 FRANCISCAN
1586 157 2095 210 MANUSCRIPT

171 316 470 368 admiratus
496 321 578 364 est
606 314 767 364 frater
792 313 894 376 ille,
917 311 1266 362 considerans
1295 310 1636 361 sanctitatem
1668 308 1822 370 illius,
1854 325 1919 359 eo
1948 309 2097 375 quod

172 407 306 458 nulli
336 405 566 467 dixerat,
597 403 691 455 sed
719 402 1068 455 solummodo
1099 401 1234 452 illud
1263 401 1522 468 cogitavit
1550 402 1603 450 in
1633 399 1794 450 corde
1821 416 1931 450 suo
1941 397 1959 427 1

284 495 336 563 (f.
377 495 527 562 121V)
572 493 817 556 Qualzter
836 511 874 546 s
907 492 1222 542 Franczscus
1249 491 1457 556 scripszt
1481 507 1540 540 ea
1566 508 1663 556 que
1690 489 1971 539 medetatus
1983 489 2098 550 fult
2113 486 2180 538 Cf.
2195 487 2251 526 11.
2270 487 2446 548 Ce1.i1i.,

2334 554 2448 787 ἑ

172 585 228 636 in
257 584 400 636 corde
424 603 528 636 suo.

286 674 477 726 Socius
518 674 663 725 beati
707 673 978 723 Francisci
1019 689 1144 722 cum
1193 678 1439 721 maneret
1485 687 1608 721 cum
1649 670 1769 735 ipso
1810 670 1865 719 in
1908 677 2096 722 monte

173 763 429 825 Alverne,
449 762 670 830 quando
692 763 841 813 stetit
862 762 971 811 ibi
959 778 1014 811 1n
1035 778 1259 823 carcere,
1281 759 1622 810 desiderabat
1642 758 1841 809 habere
1862 757 2099 824 aliquem

182 855 289 922 (sic)
317 853 605 904 recreabile
632 853 889 918 scriptum
934 867 1096 901 manu
1139 867 1235 900 sua
1275 849 1345 900 de
1371 849 1545 900 verbis
1588 848 1829 909 Domini,
1859 849 2102 898 maxime

173 944 301 1010 quia
341 951 457 994 erat
497 950 626 993 tunc
671 942 961 993 tribulatus
1008 940 1246 1005 maligna
1292 947 1345 990 et
1391 939 1542 1005 gravi
1589 938 1947 1004 temptatione
1988 954 2100 986 non

174 1033 348 1084 carnis
371 1032 467 1083 sed
489 1033 721 1098 spiritus,
803 1031 877 1081 Et
899 1029 1041 1080 dixit
1064 1029 1130 1079 ad
1160 1045 1285 1079 eum
1314 1027 1550 1094 quadam
1573 1027 1660 1078 die
1682 1028 1728 1078 b.
1759 1027 2073 1077 Franciscus
2093 1052 2102 1083 :

176 1121 262 1172 Da
286 1122 451 1172 michi
473 1130 675 1172 cartam
700 1129 753 1171 et
775 1127 1155 1181 atramentum,
1185 1119 1445 1184 quoniam
1466 1118 1592 1168 volo
1616 1117 1847 1167 scribere
1869 1116 2101 1183 quedam

175 1212 337 1263 verba
359 1211 583 1262 Domini
610 1219 664 1262 et
690 1211 804 1275 ejus
833 1208 1033 1271 laudes,
1057 1226 1191 1274 quas
1223 1207 1514 1259 meditatus
1545 1224 1667 1258 sum
1701 1208 1755 1258 in
1777 1205 1938 1257 corde
1959 1223 2098 1259 me0.

119 1369 123 1371 μ
178 1301 278 1353 Ille
302 1319 431 1351 vero
459 1300 609 1351 dedit
648 1301 710 1351 ei.
795 1299 900 1350 Ivit
940 1299 987 1350 b.
1032 1298 1352 1348 Franciscus
1393 1305 1448 1347 et
1489 1298 1698 1364 scripsit
1740 1297 1831 1347 illa
1858 1296 2021 1347 verba
2049 1305 2104 1347 et

59 2135 155 2188 155

175 1391 294 1442 illas
336 1390 523 1441 laudes
563 1390 805 1451 Domini,
847 1397 900 1439 et
948 1390 1000 1438 in
1050 1387 1156 1438 fine
1204 1388 1417 1454 scripsit
1464 1404 1620 1437 suam
1663 1386 2101 1437 benedictionem

175 1481 265 1543 illi,
295 1480 479 1531 dicens
509 1479 577 1530 ad
605 1497 729 1530 eum
753 1500 762 1530 :
804 1479 1011 1543 Accipe
1037 1478 1175 1528 hanc
1202 1485 1408 1528 cartam
1436 1485 1490 1527 et
1518 1475 1792 1527 custodias
1821 1477 2064 1542 regulam
2083 1474 2101 1503 2

175 1570 465 1637 diligenter
492 1586 665 1636 usque
693 1568 762 1619 ad
791 1568 937 1618 diem
966 1568 1156 1618 mortis
1184 1575 1288 1618 tue.
1375 1567 1449 1617 Et
1479 1565 1774 1632 plurimum
1802 1565 2101 1616 admiratus

176 1670 230 1712 et
265 1661 459 1711 letatus
499 1660 783 1720 estfrater
822 1658 925 1720 ille,
968 1657 1209 1708 maxime
1248 1657 1374 1723 quia
1416 1657 1531 1707 sine
1570 1656 1847 1722 rogamine
1872 1663 1927 1706 et
1955 1655 2103 1706 dicto

177 1767 276 1801 suo
305 1750 559 1800 satisfecit
588 1756 807 1799 sanctus
836 1755 990 1813 pater
1019 1746 1088 1797 de
1115 1746 1398 1797 voluntate
1434 1745 1956 1812 Domini-desiderio
1983 1761 2100 1796 suo,

178 1840 322 1891 Nam
365 1847 487 1905 post
528 1846 760 1888 mortem
801 1837 946 1888 beati
992 1836 1260 1887 Francisci
1307 1836 1460 1902 plura
1507 1835 1765 1886 miracula
1812 1843 1867 1886 et
1908 1851 2103 1900 magna

177 1930 449 1980 Dominus
490 1936 741 1994 operatus
779 1935 861 1978 est
901 1944 995 1993 per
1041 1925 1191 1976 illam
1239 1926 1475 1977 litteram
1518 1926 1570 1976 in
1612 1925 1717 1975 illis
1756 1925 1950 1991 quibus
1991 1924 2105 1991 (sic)

177 2021 375 2086 signati
403 2018 660 2069 fuerunt
647 2034 701 2067 in
732 2017 944 2083 magnis
972 2015 1369 2067 infirmitatibus
1399 2016 1510 2066 suis
1537 2032 1659 2065 cum
1690 2015 1781 2065 illa
1807 2023 1966 2067 carta.

2110 594 2329 642 Fioretti‚‘

2113 648 2287 688 Consid.
2310 598 2414 689 del2le

2115 702 2328 741 Stimate’'

2396 0 2441 199 l

2426 196 2443 336 2]

2396 415 2447 530 i

292 2108 346 2175 (f,
387 2108 537 2175 121V)
581 2106 827 2169 Oualzter
860 2113 1073 2156 sanctus
1111 2105 1430 2155 Franciscus
1467 2104 1782 2170 exspoleavzt
1815 2122 1870 2154 se
1897 2103 2098 2153 nudum
2116 2100 2185 2152 Cf.
2207 2098 2263 2139 11.
2283 2098 2371 2139 Cel.
2393 2098 2449 2148 ii„

178 2215 350 2248 coram
378 2197 530 2247 sociis
553 2196 676 2247 suis.

294 2287 547 2354 Quadam
590 2287 677 2337 die
715 2286 929 2336 vocavit
975 2286 1022 2335 b.
1070 2285 1387 2335 Franciscus
1433 2284 1503 2335 ad
1544 2302 1602 2334 se
1642 2285 1818 2334 socios
1861 2300 1988 2334 suos
2029 2290 2097 2344 et,

181 2377 542 2430 existentibus
570 2377 673 2426 illis
702 2393 886 2427 coram
929 2377 1063 2442 ipso,
1091 2392 1213 2426 cum
1254 2384 1398 2426 esset
1439 2376 1553 2440 ipse
1583 2373 1877 2440 ydropicus
1903 2382 1958 2424 et
1986 2372 2103 2422 aliis

179 2468 601 2535 quamplurimis
624 2465 1029 2517 infirmitatibus
1053 2473 1418 2532 pregravatUS,
1438 2465 1535 2515 vix
1557 2463 1838 2514 descendit
1861 2462 1928 2513 de
1950 2463 2106 2523 lectO,

184 2558 378 2610 sedens
407 2560 458 2608 in
500 2557 642 2608 nuda
681 2565 835 2607 terra.
916 2554 1059 2607 Socii
1101 2555 1215 2620 ejus
1255 2554 1578 2622 ignorabant
1619 2571 1713 2604 cur
1750 2553 1852 2603 hoc
1893 2553 2104 2603 faceret.

186 2650 286 2700 Ille
311 2665 440 2700 vero
476 2647 782 2714 expoliavit
809 2663 881 2709 se,
910 2662 1243 2712 manensque
1281 2653 1430 2696 totus
1471 2643 1647 2695 nudus
1689 2643 1829 2694 sedit
1870 2643 1922 2693 in
1963 2641 2108 2693 nuda

185 2748 342 2802 terra,
385 2747 576 2789 tenens
624 2753 846 2788 manum
896 2737 1171 2786 sinistram
1221 2734 1290 2786 ad
1336 2735 1639 2785 cicatricem
1688 2734 1881 2795 lateriS‚
1925 2750 1994 2783 ne
2041 2731 2109 2781 ab

184 2829 288 2880 illis
328 2827 496 2879 videri
539 2834 734 2893 posset.
835 2826 911 2876 Et
950 2826 1025 2876 ait
1066 2825 1201 2876 illis:
1248 2825 1426 2890 “Ego
1468 2824 1567 2874 feci
1609 2823 1758 2890 quod
1801 2840 1982 2874 meum
2013 2830 2105 2872 est.

294 2997 309 3021 1
324 2997 429 3036 This
449 3007 629 3048 passage
648 2995 682 3032 is
698 2993 852 3043 clearly
865 2999 941 3032 not
961 2991 1107 3043 copied
1135 2992 1242 3031 from
1265 2991 1450 3039 Celano;
1480 3004 1558 3042 eg.
1581 2996 1766 3031 “teneas
1795 3021 1805 3031 .
1837 3020 1847 3031 .
1881 3022 1890 3031 .
1922 2991 2111 3030 manicas

188 3066 310 3105 istius
329 3063 512 3112 tunice,''
535 3062 619 3102 and
639 3067 725 3101 “ut
752 3061 857 3100 nulli
889 3060 957 3100 alii
985 3060 1149 3099 valeam
1178 3061 1312 3110 ipsam
1341 3059 1502 3107 dare'’;
1541 3058 1598 3110 cf.
1619 3059 1738 3111 Spec.
1761 3058 1889 3111 Pers„
1911 3059 2015 3110 Cap.
2046 3070 2111 3108 34,

191 3135 249 3186 (p.
271 3136 353 3186 63).
414 3135 451 3172 It
471 3131 625 3172 should
644 3131 695 3170 be
715 3130 882 3170 noticed
902 3130 993 3168 that
1014 3129 1175 3169 Celano
1203 3129 1357 3168 relates
1387 3129 1459 3168 the
1481 3136 1606 3168 event
1627 3141 1674 3168 as
1694 3128 1938 3180 happening
1957 3134 2001 3167 to
2021 3128 2111 3166 Leo

193 3203 234 3254 (“
251 3203 293 3241 in
309 3201 457 3242 eodem
477 3202 602 3239 fratre
614 3199 671 3252 ''),
687 3198 770 3238 and
783 3205 854 3249 yet
869 3198 924 3237 he
940 3195 1042 3236 adds
1063 3201 1091 3218 ‘⁴
1105 3209 1284 3247 eamque
1307 3196 1525 3248 (tunicam)
1543 3195 1815 3248 postmodum
1832 3197 1874 3235 in
1891 3195 2109 3235 Franciam

192 3270 360 3310 devotio
393 3277 541 3308 sancta
571 3265 853 3306 transvexit’'.
926 3264 1009 3303 Did
1049 3263 1207 3303 Celano
1245 3264 1420 3304 confuse
1457 3264 1489 3303 it
1522 3264 1626 3303 with
1659 3264 1730 3303 the
1764 3263 1881 3303 tunic
1911 3263 2036 3315 given
2065 3268 2110 3300 to

193 3338 412 3377 Laurence
432 3337 482 3375 of
497 3334 704 3375 Beauvais
725 3333 854 3373 about
874 3333 946 3372 the
964 3344 1081 3370 same
1102 3331 1234 3371 time?
1293 3332 1530 3380 Eccleston,
1551 3345 1591 3383 p.
1619 3342 1654 3381 7.
1715 3331 1779 3371 Cf.
1801 3331 1893 3371 also
1911 3330 1984 3369 fol.
2011 3329 2110 3367 128v

193 3405 330 3445 below
349 3404 431 3456 (no.
452 3404 541 3454 179)
565 3416 618 3442 on
639 3403 710 3441 the
729 3401 846 3440 tunic
865 3403 987 3452 given
1005 3406 1049 3438 to
1072 3399 1289 3440 PacificuS.

300 3472 315 3496 1
328 3470 564 3522 According
578 3477 624 3509 to
641 3470 814 3515 Celano‚
830 3469 1130 3508 Bonaventura
1145 3467 1262 3518 (Leg.
1276 3466 1344 3513 xi„
1359 3466 1399 3519 9)
1415 3466 1498 3506 and
1512 3466 1585 3506 the
1600 3465 1774 3506 Fioretti
1788 3465 1872 3504 this
1887 3462 2111 3504 command

195 3539 364 3592 applied
383 3547 426 3578 to
447 3539 518 3577 the
537 3541 671 3585 carta,
692 3544 767 3576 not
787 3544 832 3575 to
852 3536 923 3574 the
945 3535 1064 3574 Rule.

2117 2156 2206 2194 162.
