2449 3927
188 181 260 229 88
332 172 855 226 DESCRIPTION
884 172 984 223 OF
1006 171 1059 221 A
1083 168 1580 222 FRANCISCAN
1609 167 2112 220 MANUSCRIPT

184 328 450 393 Spiritum
478 332 725 376 sanctum
754 323 903 390 quod
930 323 1096 373 homo
1124 321 1352 373 carnalis
1372 328 1486 372 erat
1506 320 1647 371 dixit
1668 319 1737 370 ad
1758 336 1883 369 eum
1907 338 1917 369 z
1957 317 2115 369 Vade

183 418 329 469 viam
358 424 526 477 tuam,
554 414 714 465 frater
743 430 958 464 musca:
998 413 1257 479 quoniam
1287 419 1379 461 tua
1420 410 1654 475 erogasti
1695 408 2112 473 consanguineis

182 514 240 557 et
265 507 346 556 vis
372 507 552 556 vivere
578 503 646 554 de
685 503 992 554 elemosinis
1021 503 1159 552 inter
1198 500 1403 555 fratres.
1486 499 1584 549 Ille
1622 515 1750 557 vero
1792 498 1976 551 statim
2018 498 2113 547 ivit

185 597 327 647 viam
356 612 527 656 suam,
548 594 738 644 nolens
767 593 885 643 aliis
908 591 1233 659 pauperibus
1256 608 1353 641 sua
1375 606 1595 657 erogare
1617 589 1717 638 nisi
1737 587 1843 638 illis
1867 587 2112 653 pauperi-

187 684 289 736 bus
316 684 518 751 quibus
547 682 740 734 dedit.1

62 785 167 835 168
297 775 350 841 (f.
401 774 551 841 126V)
597 771 839 835 Qualiter
879 770 934 822 S.
982 770 1299 820 Franciscus
1322 768 1445 833 fuit
1471 767 1800 835 gravissime
1829 772 2114 831 temptatus
2127 783 2249 833 Spec.
2274 781 2394 830 Perf„

184 881 218 913 a
245 863 448 930 spiritu.
2127 848 2195 885 99·

303 952 553 1003 Hiisdem
575 950 913 1017 temporibus
934 966 1056 1000 cum
1079 950 1130 1001 in
1154 947 1349 998 eodem
1372 948 1494 998 loco
1523 946 1575 998 S.
1601 946 1772 997 Marie
1795 945 1841 996 b.
1867 943 2114 994 Francis-

183 1061 277 1094 cus
306 1050 562 1104 maneret,
591 1040 787 1092 accidit
816 1048 876 1091 ut
904 1039 973 1091 ad
1003 1039 1307 1105 profectum
1337 1038 1452 1102 ejus
1493 1038 1675 1089 anime
1716 1036 1941 1086 inmissa
1970 1041 2112 1084 esset

183 1133 260 1184 illi
289 1133 609 1199 gravissima
636 1131 929 1197 temptatio
951 1130 1180 1196 spiritus
1268 1128 1351 1178 Ita
1380 1126 1531 1194 quod
1554 1126 1786 1177 multum
1814 1125 2038 1176 interius
2059 1130 2112 1174 et

183 1223 427 1274 exterius
456 1222 675 1288 spiritus
712 1228 766 1271 et
793 1237 990 1286 corpus
1021 1219 1136 1284 ejus
1178 1217 1589 1278 tribulabantur,
1616 1233 1748 1282 ymo
1775 1215 1939 1265 etiam
1968 1231 1999 1264 a
2039 1213 2114 1264 fa-

184 1312 493 1363 miliaritate
559 1311 786 1361 fratrum
838 1307 1137 1375 aliquando
1192 1325 1249 1358 se
1303 1305 1659 1357 subtrabebat
1699 1335 1771 1342 -—
1817 1313 1871 1355 et
1924 1304 2111 1355 statim

183 1402 441 1452 liberatus
482 1407 564 1451 est
606 1401 682 1451 ita
718 1398 868 1466 quod
896 1399 1073 1449 visum
1106 1397 1208 1448 fuit
1237 1398 1285 1447 ei
1327 1395 1475 1446 illam
1516 1395 1935 1460 temptationem
1976 1409 2112 1443 nun-

180 1507 346 1558 quam
376 1487 668 1541 habuisse.2

298 1592 345 1636 P.
377 1604 475 1647 194,
501 1591 546 1634 ll.
585 1591 724 1634 8-12:
760 1590 1006 1645 Affligebat
1040 1603 1089 1632 se
1121 1603 1216 1631 non
1251 1589 1401 1631 solum
1435 1585 1711 1630 abstinentia
1743 1584 1831 1628 cibi
1867 1584 1950 1627 sed
1973 1582 2112 1627 etiam

181 1667 442 1720 verborum,
469 1665 563 1709 ibat
597 1679 706 1721 sepe
739 1665 800 1708 ad
835 1664 1091 1708 orationem
1125 1662 1170 1706 in
1206 1662 1325 1706 silva
1358 1676 1448 1719 que
1481 1670 1578 1705 erat
1610 1675 1754 1717 prope
1789 1659 2033 1703 ecclesiam
2066 1666 2116 1701 ut

184 1742 333 1798 magis
356 1742 619 1786 ostenderet
643 1756 776 1784 suum
799 1741 1006 1783 dolorem
1030 1748 1076 1783 et
1102 1738 1311 1795 lacrimas
1345 1736 1693 1781 habundantius
1718 1750 1877 1780 coram
1912 1733 2114 1778 Domino

183 1819 419 1863 effundere
448 1826 615 1874 posset,
641 1826 691 1861 ut
726 1816 952 1860 Dominus
975 1816 1050 1872 qui
1075 1816 1231 1860 omnia
1252 1823 1409 1872 posset
1442 1814 1488 1858 in
1511 1821 1638 1857 tanta
1662 1812 1958 1857 tribulatione
1980 1825 2114 1854 suam

182 1894 458 1939 medicinam
492 1895 550 1937 de
575 1894 674 1937 celo
697 1893 785 1937 sibi
811 1893 990 1936 mittere
1014 1892 1293 1948 dignaretur.
1362 1892 1572 1947 Cumque
1596 1889 1670 1933 die
1692 1897 1924 1944 noctuque
1954 1889 2014 1931 ab
2036 1886 2114 1930 illa

182 1970 484 2028 temptatione
508 1969 707 2025 amplius
730 1983 869 2023 quam
893 1968 1076 2011 duobus
1099 1967 1230 2011 annis
1255 1967 1318 2011 ita
1342 1966 1584 2010 tribulatus
1609 1964 1782 2008 suisset.

296 2063 348 2130 (f,
409 2062 558 2128 125V)
611 2060 856 2123 Qualiter
900 2059 939 2110 b.
990 2059 1309 2109 Franciscus
1336 2056 1564 2107 -ifwenz‘t
1587 2057 1827 2121 fratrem
1855 2055 1904 2122 J
1901 2053 2112 2104 acobum

180 2170 298 2203 cum
344 2152 571 2219 quodam
610 2152 815 2215 leproso.
826 2148 844 2177 3

60 2256 165 2319 159
296 2241 551 2309 Quodam
581 2249 826 2306 tempore
855 2239 986 2290 dum
1015 2238 1253 2306 quadam
1283 2238 1370 2288 die
1391 2254 1638 2288 reversus
1661 2237 1849 2286 fuisset
1871 2235 1917 2286 b.
1948 2235 2114 2285 Fran·
2131 2239 2418 2288 Lemmens32,

181 2333 353 2383 ciscus
383 2331 529 2397 apud
558 2330 841 2381 ecclesiam
873 2329 925 2381 S.
960 2329 1131 2380 Marie
1159 2328 1227 2379 de
1256 2327 1606 2379 Portiuncula
1647 2369 1655 2378 .
1703 2369 1712 2377 .
1760 2368 1769 2377 .
1816 2342 1939 2376 cum
1981 2341 2113 2391 quo-
2133 2291 2358 2399 g{}f{p5e{)'‚

183 2422 311 2473 dam
340 2422 557 2487 leproso
583 2420 903 2471 vulneribus
930 2418 1089 2469 valde
1120 2419 1407 2469 vulnerato
1427 2418 1519 2484 qui
1549 2416 1738 2467 eadem
1780 2415 1867 2465 die
1894 2421 2115 2465 venerat

183 2512 323 2562 illue.
407 2510 507 2563 Cui
548 2518 767 2561 sanctus
807 2509 971 2560 frater
1011 2510 1189 2575 ipsum
1233 2508 1510 2574 leprosum
1553 2514 1608 2557 et
1650 2506 1893 2556 maxime
1921 2520 2114 2554 omnes

183 2602 321 2653 alios
365 2602 608 2667 leprosos
651 2642 660 2651 .
707 2643 717 2652 .
762 2642 771 2650 .
817 2608 977 2650 extra
1020 2599 1303 2665 hospitale,
1350 2598 1595 2648 maxime
1648 2596 1774 2662 quia
1821 2594 1909 2644 ille
1954 2594 2115 2644 frater

182 2690 418 2757 Jacobus
466 2697 580 2740 erat
639 2688 800 2740 valde
859 2688 1099 2754 simplex
1159 2696 1213 2738 et
1261 2705 1388 2753 sepe
1447 2686 1561 2736 ibat
1606 2685 1676 2735 ad
1725 2684 2005 2734 ecclesiam
2055 2681 2107 2734 S.

185 2780 356 2830 Marie
394 2795 517 2831 cum
546 2779 732 2845 aliquo
762 2778 987 2844 lepros0,
1021 2786 1075 2828 et
1103 2778 1353 2828 maxime
1369 2777 1498 2843 quia
1518 2775 1772 2826 homines
1795 2789 2114 2824 consuever-

183 2878 282 2920 unt
329 2869 616 2920 abhorrere
662 2868 909 2934 leprosos
941 2869 1032 2934 qui
1076 2875 1258 2918 essent
1307 2866 1544 2917 multum
1585 2864 1801 2930 plagati.
1890 2862 1963 2912 Et
2010 2861 2113 2912 hiis

183 2958 341 3010 dictis
381 3002 390 3011 .
437 3002 446 3010 .
493 3001 502 3010 .
551 2958 714 3009 Petro
738 2959 984 3008 Cattanei
1014 2957 1250 3024 generali
1281 2956 1530 3006 ministro
1559 2997 1568 3006 .
1603 2997 1611 3005 .
1646 2995 1655 3004 .
1688 2960 1900 3003 mutare
1928 2950 2114 3002 obedi-

180 3049 386 3099 entiam
427 3048 557 3113 ejuS,
591 3048 714 3098 licet
740 3055 871 3098 tunc
901 3054 954 3097 et
984 3047 1308 3097 multotiens
1350 3045 1574 3095 interius
1615 3052 1669 3094 et
1710 3043 1950 3093 exterius
1987 3040 2113 3091 inde

178 3136 521 3203 affligeretur.
594 3137 755 3187 Dixit
786 3136 841 3188 B.
871 3136 915 3186 F
918 3138 1188 3187 ranciscus
1217 3177 1227 3186 .
1259 3178 1268 3187 .
1297 3178 1306 3187 .
1340 3143 1394 3186 et
1415 3133 1792 3185 testimonium
1823 3130 2108 3196 perhibuit.

293 3239 436 3294 (Text
450 3239 750 3295 corresporzds
766 3239 1009 3295 generally
1032 3243 1078 3280 to
1096 3238 1354 3291 Lemmens,
1383 3249 1438 3291 32
1462 3240 1477 3291 >

312 3368 325 3392 1
343 3370 452 3418 Ang.
477 3368 670 3417 Clareno,
693 3369 846 3419 Expos.
870 3367 1071 3419 Regulae‚
1096 3380 1135 3418 p.
1159 3370 1224 3415 56,
1248 3374 1398 3418 quotes
1420 3366 1503 3404 this
1524 3365 1630 3404 from
1652 3363 1829 3403 Celano.

302 3435 318 3459 2
334 3436 415 3474 For
436 3436 507 3474 the
528 3435 610 3474 last
630 3435 738 3475 lines
759 3436 808 3474 of
836 3436 918 3474 this
940 3435 1126 3486 chapter,
1149 3434 1265 3486 Spec.
1290 3433 1422 3486 Pers„
1454 3445 1520 3481 99,
1552 3445 1623 3471 see
1651 3431 1796 3478 above,
1826 3442 1896 3468 no.
1922 3439 1997 3477 159
2017 3440 2025 3468 :
2058 3426 2112 3479 cf.

188 3502 431 3550 Lemmens,
455 3503 574 3553 Spec.
596 3503 728 3555 Pers„
749 3515 814 3542 21.

344 3569 425 3607 See
447 3569 591 3616 above,
614 3570 685 3609 fol.
710 3582 804 3609 111r
825 3570 925 3619 (No.
950 3574 1057 3619 112).
