2449 3927
335 154 770 207 FORMERLY
815 154 893 204 IN
938 154 1103 205 THE
1144 153 1548 205 PHILLIPPS
1593 153 1946 205 LIBRARY
2038 165 2104 217 73

177 319 333 349 eream
368 305 475 362 (for
508 303 766 358 aheneam),
801 317 894 347 non
927 302 1178 360 spiritualia
1212 305 1323 362 (for
1351 317 1459 347 nam
1493 317 1674 359 semper
1706 311 1882 359 propter
1921 302 2109 359 valida),

180 380 203 438 ἕ
224 382 248 423 8
268 395 278 422 :
316 380 481 437 Sicque
497 394 546 423 es
564 392 830 422 sonorosum
847 386 891 422 et
908 393 1061 422 rusum
1079 381 1181 438 (sic)
1205 387 1250 422 et
1275 379 1331 436 (1)
1356 379 1525 421 ferrum
1543 393 1755 435 asperum
1772 387 1816 422 et
1834 379 2030 422 duorum
2053 377 2111 433 (2)

178 465 475 501 convertetur.
543 454 564 511 ξ
591 468 645 498 10
665 472 672 499 :
708 456 927 511 asperitas
950 458 1060 515 (for
1078 455 1353 511 austeritas).
1424 453 1446 511 ἓ
1478 468 1494 498 1
1509 468 1525 497 1
1549 471 1559 499 :
1597 454 1699 498 ideo
1723 469 1826 497 cum
1848 456 2013 498 rubore
2035 468 2109 497 me

177 532 299 575 hunc
331 546 518 576 saccum
551 539 752 575 monstro
784 540 980 587 portare.
1050 532 1073 590 ἕ
1119 544 1170 574 12
1193 546 1201 573 :
1247 539 1316 574 est
1352 544 1492 586 quare
1530 530 1767 586 signanter
1803 530 1968 574 dicitur
2001 565 2010 574 .
2048 564 2058 574 .
2096 564 2105 574 .

175 608 424 657 induantur
439 616 484 651 et
500 607 689 662 possint,
713 616 813 662 etc„
838 615 888 651 ut
910 608 1075 651 fratres
1098 606 1175 663 qui
1198 608 1288 650 hoc
1310 607 1460 650 facere
1483 607 1656 650 nollent
1677 615 1722 650 et
1744 606 1858 650 alios
1877 608 1894 663 (
1904 610 1988 664 for
1999 607 2108 664 hoc)

175 680 325 724 facere
347 679 654 737 prohiberent.

57 797 161 849 139
291 780 346 846 (f-
385 779 529 846 117¹)
568 778 654 829 De
681 779 921 829 euntibus
948 778 1089 829 inter
1113 778 1347 847 infideles
1361 787 1462 844 pro
1489 795 1665 828 amore
1696 777 1901 830 Christi
1910 778 2058 845 jesu.
2123 781 2229 832 Leg.
2259 780 2409 831 Vetus,

291 869 576 921 Summam
608 868 976 920 obedientiam
1006 870 1061 919 in
1089 886 1199 935 quo
1227 868 1287 935 (l)
1313 898 1384 905 -
1417 869 1471 918 in
1493 869 1662 918 vitam
1691 875 1952 918 eternam.
2126 834 2181 887 (p.
2207 834 2316 887 ¹⁰²)·
2448 838 2449 896 l

303 981 325 1039 ἕ
371 990 422 1023 1:
469 978 529 1021 ad
572 980 685 1038 (for
717 978 811 1033 ob).
887 980 909 1037 g
951 990 1008 1021 2:
1055 992 1158 1020 esse
1197 980 1309 1037 (for
1343 979 1456 1034 eos).
1537 979 1559 1038 ἕ
1603 989 1657 1032 3:
1705 985 1900 1033 possunt
1937 977 2109 1020 habere

174 1055 403 1112 duplicem
438 1056 628 1099 modum
661 1053 964 1098 conversandi
997 1053 1114 1097 inter
1146 1053 1280 1109 ipsos.
1367 1055 1388 1112 g
1428 1066 1484 1109 3:
1528 1061 1852 1109 contempnant
1875 1052 1987 1111 (sor
2004 1066 2108 1096 con-

172 1131 364 1175 tendant
385 1130 554 1187 verbis)
575 1131 658 1174 sed
680 1129 768 1172 sint
791 1128 917 1172 omni
941 1129 1048 1185 (om.
1072 1126 1279 1182 subditi).

56 1256 160 1306 140
289 1231 341 1297 (f.
383 1245 401 1281 1
420 1232 531 1298 17V)
573 1230 658 1281 De
683 1230 785 1279 loco
810 1236 989 1279 sancte
1015 1227 1199 1278 Marz'e
1223 1227 1285 1277 de
1310 1225 1574 1295 Angelis-,1

289 1319 500 1371 Videns
552 1320 743 1370 beatus
799 1319 1118 1369 Franciscus
1165 1347 1309 1355 —--—
1358 1316 1644 1383 Virginem
1699 1334 1913 1384 semper
1958 1315 2105 1383 quod
2122 1312 2227 1363 Leg.
2247 1311 2397 1356 Vetus,
2417 1324 2441 1363 7

2123 1366 2178 1418 (p·
2204 1366 2293 1418 105)
2315 1364 2387 1417 (cf-

173 1410 326 1461 Deus
381 1411 702 1477 propitietur
753 1409 1054 1460 defectibus
1107 1416 1160 1458 et
1213 1408 1386 1473 culpis
1443 1408 1668 1458 fratrum
1715 1415 1770 1458 et
1822 1413 2105 1458 conservet
2122 1420 2391 1473 Spee.Perf.,

175 1517 389 1566 semper
416 1508 471 1550 et
499 1507 751 1567 protegat
779 1507 954 1550 totam
984 1499 1144 1549 istam
1175 1498 1493 1564 religionem
1524 1497 1827 1563 plantulam
1858 1513 2026 1548 suam.
2121 1477 2358 1581 {115331132331

289 1612 311 1669 ἓ
343 1621 359 1651 1
385 1625 394 1653 :
429 1623 513 1653 nos
538 1610 649 1666 (for
664 1614 781 1664 vos).
850 1610 872 1668 g
898 1620 954 1650 2:
992 1621 1181 1662 parvam
1214 1615 1259 1649 et
1291 1606 1616 1662 pauperculam
1648 1605 1891 1649 ecclesiam
1926 1640 1935 1648 .
1973 1640 1982 1649 .
2020 1640 2029 1648 .
2064 1615 2110 1650 et

171 1684 461 1729 solummodo
481 1685 654 1727 habere
672 1686 798 1741 juxta
824 1698 927 1727 eam
961 1683 1162 1739 aliquam
1197 1696 1387 1738 parvam
1409 1690 1455 1725 et
1476 1683 1805 1738 pauperculam
1840 1683 2031 1725 domum
2054 1697 2110 1725 ex

173 1763 270 1805 luto
293 1769 340 1804 et
362 1761 545 1804 fimibus
579 1769 898 1804 constructam.
970 1761 991 1816 ,ξ
1029 1773 1053 1815 3
1077 1773 1084 1801 :
1120 1758 1311 1815 sepeliri.
1380 1758 1402 1816 ξ
1430 1770 1454 1811 7
1475 1774 1484 1801 :
1522 1758 1661 1802 etiam
1685 1767 1733 1802 ut
1755 1759 1978 1802 haberent
2004 1761 2115 1817 (for

173 1852 254 1894 per
291 1835 409 1898 [pro]
455 1836 602 1892 magis
639 1863 696 1869 —-
735 1838 1031 1893 habuerunt).
1113 1835 1135 1892 ἕ
1178 1835 1233 1880 8;
1285 1836 1399 1878 Erat
1442 1843 1595 1879 autem
1640 1834 1787 1890 magis
1831 1835 2110 1891 paupercula

172 1927 313 1971 quam
347 1921 468 1956 esset
499 1912 545 1956 in
580 1912 768 1956 circuitu
808 1911 1000 1955 civitatis
1038 1910 1214 1966 Assisii,
1249 1911 1378 1967 quod
1415 1910 1551 1954 etiam
1591 1912 1784 1954 multum
1818 1911 2110 1955 desiderabat

172 1993 216 2036 b.
245 1991 318 2034 Fr.
386 1989 449 2032 Et
470 1989 582 2033 dixit
615 1990 760 2033 abbas
792 1990 930 2033 beato
963 1989 1051 2033 Fr:
1095 1990 1268 2031 Frater.
1340 1986 1362 2045 ἕ
1394 2000 1442 2031 11
1468 2001 1476 2029 :
1518 2002 1610 2031 om.
1638 2001 1820 2044 semper
1845 1988 1946 2032 and
1959 1988 2105 2044 primi.

177 2069 200 2127 g*
231 2081 282 2112 12
304 2083 312 2111 ι
349 2068 412 2110 Et
436 2067 541 2111 licet
565 2076 683 2111 esset
705 2066 984 2122 paupercula
1005 2072 1051 2107 et
1072 2064 1205 2120 quasi
1222 2065 1318 2120 jam
1353 2064 1600 2118 destructa,
1627 2072 1784 2107 tamen
1806 2079 1889 2120 per
1911 2065 2109 2108 multum

172 2153 350 2200 tempus
383 2144 594 2189 homines
627 2141 821 2187 civitatis
854 2140 1029 2195 Assisii,
1064 2149 1109 2183 et
1144 2139 1282 2184 totius
1314 2139 1432 2183 illius
1465 2148 1670 2183 contrate
1702 2141 1964 2184 habuerunt
1987 2141 2032 2184 in
2054 2155 2111 2184 ea

173 2235 390 2277 magnam
413 2220 704 2265 devotionem
727 2227 771 2262 et
791 2219 967 2261 habent
988 2219 1210 2274 majorem
1232 2230 1378 2272 usque
1401 2215 1446 2258 in
1468 2216 1746 2260 hodiernum
1770 2216 1902 2261 diem.
1971 2216 1994 2274 ἓ
2026 2230 2076 2274 13
2100 2233 2108 2260 :

172 2313 413 2342 numerum
435 2300 625 2342 fratrum
664 2299 774 2356 <for
801 2310 962 2339 eorum
994 2294 1186 2349 victum)
1210 2311 1218 2342 ;
1259 2293 1391 2337 exivit
1419 2295 1528 2352 (for
1545 2293 1801 2350 volitabat).
1873 2295 1896 2352 g
1927 2305 1977 2351 15
2001 2314 2009 2341 :
2050 2296 2112 2339 Et

170 2374 274 2418 licet
295 2376 440 2419 abbas
463 2373 674 2418 monachi
696 2373 838 2416 libere
872 2386 976 2414 eam
1010 2369 1344 2415 concessissent
1367 2370 1409 2412 b.
1438 2370 1683 2414 Francisco
1705 2379 1749 2414 et
1772 2370 1989 2415 fratribus
2013 2373 2110 2429 ejus

173 2451 297 2495 illam
328 2451 568 2495 ecclesiam
602 2450 701 2494 sine
733 2449 920 2493 datione
952 2447 1106 2504 aliqua
1139 2455 1186 2491 et
1220 2461 1360 2489 censu
1395 2460 1563 2502 annuo,
1588 2455 1741 2491 tamen
1765 2448 1808 2490 b.
1837 2448 2110 2492 Franciscus

175 2536 395 2583 tanquam
416 2528 568 2570 bonus
590 2534 636 2570 et
658 2525 827 2582 peritus
848 2524 1071 2580 magister
1093 2522 1169 2580 qui
1204 2523 1395 2566 domum
1416 2523 1511 2566 vult
1534 2522 1747 2567 edificare
1769 2538 1908 2580 supra
1931 2524 2110 2567 firmam

175 2611 366 2659 petram,
391 2604 472 2646 viz.
507 2601 911 2658 congregationem
944 2614 1076 2643 suam
1110 2613 1250 2655 supra
1285 2612 1506 2653 magnam
1539 2607 1870 2654 paupertatem,
1896 2599 2108 2644 mittebat

176 2677 276 2734 ipse
294 2678 532 2722 annuatim
556 2679 826 2721 fiscenulam
849 2677 1034 2732 plenam
1058 2673 1284 2732 pisciculis
1307 2674 1384 2729 qui
1407 2682 1632 2718 vocantur
1652 2674 1698 2717 in
1720 2674 1903 2730 signum
1922 2674 2109 2732 majoris

175 2755 444 2799 humilitatis
467 2764 513 2799 et
535 2753 826 2812 paupertatis,
852 2762 902 2796 ut
936 2754 1098 2796 fratres
1130 2753 1308 2795 nullum
1340 2752 1493 2794 locum
1525 2753 1747 2796 haberent
1778 2767 1866 2796 nec
1889 2752 1935 2794 in
1959 2752 2109 2807 aliquo

172 2839 493 2886 permanerent
509 2831 586 2887 qui
609 2845 702 2874 non
724 2839 846 2873 esset
867 2831 953 2873 sub
976 2828 1184 2872 dominio
1208 2827 1478 2882 aliquorum,
1499 2827 1560 2871 ita
1582 2828 1706 2883 quod
1728 2829 1890 2871 fratres
1907 2829 2108 2871 habeant

173 2915 450 2963 potestatem
473 2906 705 2949 vendendi
729 2907 803 2949 vel
836 2904 1064 2949 alienandi
1097 2917 1281 2960 quoquo
1314 2903 1455 2947 modo
1484 2905 1555 2963 (cf.
1583 2905 1710 2961 Spec.
1738 2906 1898 2963 Pe7f).
1967 2907 1989 2963 ᾖ
2020 2904 2103 2950 16:

172 2983 411 3039 quoddam
432 2996 651 3037 magnum
674 2997 753 3025 vas
777 2983 962 3038 plenum
983 2982 1096 3024 oleo.
1165 2983 1186 3039 ξ
1218 2993 1270 3034 19
1294 2998 1301 3024 ;
1337 2978 1499 3022 ordine
1527 2982 1636 3037 (for
1651 2981 1896 3036 ordinare).
1965 2982 1987 3039 ἕ
2014 2993 2067 3023 21
2093 2997 2102 3025 :

107 3076 111 3078 ·
171 3067 391 3103 statutum
421 3060 527 3115 (for
544 3057 946 3113 constitutionem).
1015 3056 1037 3112 ξ
1063 3069 1150 3103 22:
1186 3056 1356 3100 munde
1387 3057 1495 3113 (sor
1523 3056 1801 3113 aliquando).
1870 3059 1893 3116 ἕ
1918 3069 2005 3113 23:
2043 3058 2105 3100 Et

170 3134 256 3179 hiis
270 3144 314 3179 et
331 3133 430 3177 aliis
443 3132 683 3176 virtutibus
701 3133 1048 3176 sanctificabant
1065 3134 1216 3176 locum
1234 3133 1360 3178 illum
1377 3135 1421 3178 in
1439 3134 1616 3191 seipsos
1635 3142 1681 3177 et
1698 3133 1769 3177 alii
1786 3132 1862 3189 qui
1878 3142 2104 3177 venerunt

170 3220 274 3268 post
305 3211 432 3267 ipsos
464 3209 569 3253 licet
601 3224 692 3252 non
724 3217 902 3252 tantum
935 3209 1140 3251 fecerunt
1171 3209 1374 3254 similiter
1407 3225 1552 3267 usque
1589 3211 1649 3254 ad
1683 3211 1870 3265 longum
1905 3218 2100 3266 tempus.

170 3290 336 3331 Postea
357 3300 467 3329 vero
501 3284 741 3329 occasione
774 3286 1017 3328 multorum
1051 3285 1238 3328 fratrum
1262 3295 1306 3330 et
1328 3287 1514 3331 aliorum
1550 3286 1916 3330 convenientium
1949 3286 1993 3329 in
2028 3286 2104 3329 illo

168 3366 275 3408 loco
293 3362 441 3418 magis
457 3376 594 3417 quam
618 3361 752 3404 fuerit
776 3369 1064 3415 consuetum,
1090 3361 1286 3406 maxime
1308 3363 1414 3419 quia
1437 3377 1599 3406 omnes
1624 3363 1784 3406 fratres
1803 3363 1860 3405 de
1878 3362 2102 3418 religione

165 3441 436 3496 oportebant
457 3452 687 3481 recurrere
710 3436 816 3480 illuc
840 3445 884 3480 et
905 3451 985 3480 eos
1017 3436 1092 3493 qui
1127 3438 1345 3482 volebant
1377 3439 1545 3482 intrare
1567 3438 1833 3494 religionem
1854 3455 1864 3491 3
1900 3438 2102 3482 similiter

917 3565 932 3589 1
946 3566 1075 3612 Nota,
1095 3566 1139 3604 in
1160 3567 1341 3618 margin.
