2449 3927
77 705 178 756 142

83 2612 181 2663 143

351 176 790 228 FORMERLY
831 177 913 228 IN
955 176 1118 227 THE
1159 177 1557 230 PHILLIPPS
1602 179 1958 229 LIBRARY
2050 192 2116 245 75

199 327 604 379 multitudinem
653 327 953 379 demonum
1009 327 1077 379 de
1133 330 1297 379 muris
1353 329 1586 380 civitatis
1640 328 1830 382 Aretii.
1938 332 2127 382 Frater

198 417 456 469 Pacificus
484 417 727 483 sepultus
750 418 805 468 in
835 419 1154 484 episcopatu
1196 418 1467 469 Brixiensi
1506 419 1839 469 venerationi
1878 419 2122 472 habetur.

201 503 309 555 Hic
350 503 459 555 duo
501 520 729 570 magnas
770 505 1010 554 visiones
1039 512 1095 554 et
1123 521 1250 570 sepe
1291 503 1599 555 habuerunt
1641 504 1709 555 de
1750 505 1912 556 beato
1957 506 2124 557 Fran-

197 595 355 648 cisc0.

310 684 363 750 (f.
405 699 422 734 Ι
442 685 551 752 19)
591 684 675 733 De
700 683 933 750 quadam
961 685 1276 735 revelatione
1313 702 1475 751 quam
1513 682 1702 734 habuit
1737 683 1915 735 beatus
1949 686 2124 735 Fran-

196 775 359 825 cz'scus
383 775 444 825 de
467 781 612 825 statu
644 782 694 824 et
719 783 959 839 processu
999 774 1202 825 ordint&
1239 775 1337 828 sui.
1421 773 1539 824 Aclz
1578 774 1707 824 lz'ebe
1743 774 1938 825 Maria
1977 775 2043 825 H
2042 775 2141 843 z'lff

200 864 319 914 mir.

311 955 520 1009 Videns
568 955 760 1006 beatus
804 956 1126 1007 Franciscus
1170 956 1359 1008 fratres
1400 964 1677 1022 tepescere
1717 964 1772 1007 et
1811 974 1843 1007 a
1883 957 1969 1007 via
2010 974 2127 1022 per—

200 1047 447 1097 fectionis
477 1045 832 1114 retrocedere,
867 1046 997 1097 dum
1027 1047 1194 1098 semel
1224 1047 1499 1097 solitarius
1528 1054 1582 1098 et
1612 1054 1819 1097 mestus
1849 1047 1953 1098 ista
1981 1047 2127 1113 cogi-

198 1145 351 1200 taret,
397 1137 648 1202 apparuit
692 1136 793 1187 sibi
834 1135 1083 1188 Christus
1140 1153 1370 1203 querens
1423 1153 1642 1187 causam
1683 1137 1851 1203 ipsius
1890 1136 2121 1190 tristitie.

199 1217 299 1280 Cui
328 1227 519 1278 beatus
554 1226 871 1277 Franciscus
900 1226 1183 1293 respondit
1223 1226 1439 1278 dicens:
1482 1226 1741 1288 Domine,
1768 1243 1951 1277 nonne
1990 1227 2130 1277 bene

199 1333 425 1383 possum
454 1315 637 1367 dolere
664 1324 720 1367 et
747 1318 948 1368 tristari
991 1317 1251 1383 quoniam
1294 1317 1499 1367 familie
1540 1318 1695 1367 istius
1738 1333 1972 1383 paupere
2013 1316 2131 1384 (sic)

198 1410 474 1475 religionis
516 1425 682 1475 quam
726 1408 889 1460 michi
932 1408 1132 1460 dedisti
1179 1426 1285 1475 ego
1333 1407 1546 1459 ostendi
1591 1410 1736 1459 viam
1786 1408 2129 1474 perfectionis

198 1500 338 1550 sicut
367 1517 454 1550 me
481 1499 729 1562 docuisti,
762 1507 817 1551 et
847 1499 1005 1550 video
1032 1517 1128 1550 eos
1156 1499 1225 1550 ab
1253 1499 1357 1549 ista
1399 1499 1660 1565 religione
1701 1515 1793 1548 seu
1825 1515 1856 1548 a
1883 1497 2130 1564 religiosa

199 1589 528 1655 perfectione
558 1588 806 1640 recedere
834 1598 889 1640 et
918 1607 949 1640 a
990 1596 1135 1639 statu
1176 1605 1276 1639 suo
1316 1587 1567 1639 deviare?
1649 1587 1751 1639 Cui
1793 1588 1973 1653 inquit
2015 1586 2132 1638 Sal-

197 1687 381 1730 vator:
425 1678 556 1730 Noli
583 1680 800 1741 tristari,
831 1680 957 1745 quia
987 1696 1203 1745 semper
1229 1685 1386 1729 erunt
1428 1679 1481 1727 in
1524 1677 1783 1745 religione
1823 1678 1926 1727 ista
1965 1676 2132 1742 aliqui

198 1771 289 1836 qui
332 1770 476 1820 viam
519 1769 682 1819 istam
725 1768 1070 1835 perfectionis
1119 1768 1398 1830 tenebunt,
1440 1775 1496 1818 et
1535 1784 1638 1833 ego
1683 1768 1818 1817 istos
1860 1766 1915 1815 in
1957 1773 2135 1816 morte

198 1858 393 1910 ducam
436 1858 508 1910 ad
549 1857 880 1926 paradysum
923 1859 1038 1909 sine
1084 1858 1195 1909 alio
1241 1858 1568 1924 purgatorio,
1677 1855 1793 1906 Alii
1839 1862 1998 1906 erunt
2040 1854 2134 1921 qui

197 1948 386 2000 volent
413 1966 535 2000 eam
563 1965 776 1999 servare
803 1956 857 1999 et
885 1949 1037 2015 sequi
1067 1956 1122 1999 et
1149 1956 1334 1998 tenere
1363 1946 1457 1997 sed
1499 1963 1610 1997 non
1653 1946 2051 2012 permittentur,
2080 1952 2134 1995 et

199 2040 335 2091 tales
364 2039 522 2090 ibunt
561 2037 631 2089 ad
659 2032 1049 2106 purgatorium,
1091 2055 1232 2105 quos
1262 2037 1360 2089 tibi
1388 2037 1691 2099 committO,
1719 2034 1870 2102 quod
1911 2034 1983 2085 ibi
2026 2034 2135 2084 sint

200 2131 335 2181 sicut
364 2130 461 2181 tibi
490 2129 764 2196 placuerit.
840 2127 951 2179 Alii
979 2136 1137 2179 erunt
1164 2129 1257 2195 qui
1286 2135 1582 2194 sequentur
1622 2125 1888 2177 mundum
1929 2132 1985 2175 et
2026 2123 2136 2175 edi-

199 2218 318 2270 ficia
345 2227 400 2270 et
427 2219 648 2271 delicias
676 2227 729 2270 et
757 2219 971 2281 similia,
998 2226 1054 2269 et
1081 2217 1150 2268 de
1178 2217 1377 2268 talibus
1420 2233 1531 2267 non
1571 2233 1723 2267 cures
1764 2223 1840 2277 tu,
1868 2216 1995 2281 quia
2032 2230 2135 2280 ego

200 2327 311 2362 non
337 2310 550 2363 curabo,
639 2309 763 2360 Hec
789 2309 955 2360 verba
983 2307 1128 2359 dixit
1170 2309 1225 2358 in
1263 2308 1384 2358 loco
1426 2306 1668 2357 Alverne
1710 2304 1934 2373 quidam
1975 2304 2139 2354 frater

200 2401 269 2452 de
298 2399 559 2462 Marchia,
586 2400 680 2466 qui
709 2398 854 2450 dixit
883 2416 942 2450 se
968 2398 1227 2450 habuisse
1254 2415 1286 2449 a
1316 2397 1477 2449 fratre
1508 2396 1598 2447 illo
1627 2397 1713 2447 cui
1742 2396 1937 2446 beatus
1968 2394 2139 2444 Fran-

203 2493 375 2542 ciscus
404 2488 661 2545 dixerat.1

316 2581 370 2648 (f.
429 2581 575 2649 119¹)
620 2578 777 2643 Quod
812 2580 1029 2647 singula
1075 2578 1307 2645 capitula
1355 2578 1535 2646 regule
1563 2578 1799 2641 suerunt
1841 2582 2065 2625 correcta
2104 2591 2140 2623 a

208 2670 490 2723 salvatore
515 2670 573 2720 in
600 2686 713 2720 voce
731 2667 996 2720 audz'bili.2

320 2760 553 2812 Dicebat
594 2760 739 2811 enim
783 2759 943 2811 frater
984 2759 1101 2810 Leo
1147 2758 1296 2826 quod
1337 2758 1407 2809 ad
1448 2756 1758 2809 faciendum
1800 2756 2042 2822 regulam
2085 2757 2140 2806 in

207 2849 451 2917 quodam
494 2858 679 2900 monte
720 2849 943 2900 Ranerii
984 2849 1201 2901 fuerunt
1247 2848 1349 2899 soli
1396 2848 1499 2914 ipsi
1540 2855 1663 2910 treS‚
1707 2846 1907 2897 scilicet
1947 2846 2142 2896 beatus

211 2940 546 3000 Franciscus‚
592 2939 754 2989 frater
806 2938 920 2989 Leo
972 2947 1027 2990 et
1080 2938 1242 2990 frater
1295 2938 1569 2999 BoniciuS,
1617 2936 1733 2987 aliis
1781 2935 2039 2986 ministris
2087 2941 2143 2984 et

209 3028 462 3080 fratribus
511 3010 937 3094 expectantibus
984 3027 1054 3078 ad
1103 3027 1308 3079 radices
1356 3028 1525 3094 ipsius
1574 3027 1792 3077 montis,
1876 3025 1952 3075 Et
1998 3023 2143 3074 dixit

210 3121 374 3171 etiam
421 3116 568 3184 quod
613 3117 825 3182 singula
871 3117 1107 3183 capitula
1153 3117 1337 3183 regule
1385 3117 1603 3167 fuerunt
1649 3123 1888 3166 correcta
1934 3114 2003 3165 ab
2048 3131 2143 3164 ore

317 3238 333 3263 1
350 3236 418 3289 Cf.
449 3235 643 3284 Fioretfi,
666 3240 691 3257 “
708 3244 754 3274 2³
781 3236 954 3274 Consid.
972 3235 1082 3275 delle
1099 3235 1280 3275 Stimate
1298 3235 1320 3253 ”
1336 3266 1345 3283 ‚
1375 3235 1410 3274 Ι.
1434 3235 1521 3274 Cel.
1544 3246 1589 3273 11
1608 3246 1618 3280 ;
1650 3235 1704 3274 ΙΙ.
1725 3234 1812 3273 Cel.
1831 3234 1887 3282 ii.,
1906 3245 1996 3284 117.
2048 3232 2146 3271 The

212 3318 329 3345 same
349 3311 530 3345 account
550 3305 585 3343 is
600 3303 732 3342 found
751 3303 793 3342 in
814 3302 1050 3355 Leggenda
1071 3303 1238 3351 Antiea,
1261 3304 1367 3355 Cap.
1395 3316 1462 3352 44,
1491 3301 1553 3341 ed.
1578 3301 1796 3340 Minocchi
1813 3301 1885 3354 (cf.
1914 3299 2145 3352 Conform„

214 3373 280 3413 ed.
303 3370 562 3424 Quaraechi‚
592 3370 641 3418 1.‚
665 3370 776 3420 450).
1083 3423 1095 3436 “

323 3441 469 3480 2Nota
491 3448 608 3487 bene,
626 3439 671 3478 in
693 3438 876 3489 margin.
951 3438 1056 3477 This
1084 3438 1258 3490 chapter
1276 3438 1362 3477 and
1389 3437 1461 3476 the
1491 3443 1591 3476 next
1620 3448 1745 3475 occur
1774 3435 1818 3474 in
1847 3433 2149 3474 Ashburnham

216 3509 310 3548 MS.
331 3511 410 3558 326
431 3509 474 3547 in
496 3508 569 3547 the
589 3506 899 3547 Laurentiana:
930 3518 1002 3545 see
1022 3507 1082 3545 M.
1106 3506 1236 3545 Barbi
1256 3505 1298 3544 in
1321 3504 1441 3544 Bull.
1464 3504 1582 3543 della
1602 3504 1695 3543 Soc.
1718 3504 1837 3543 dant.
1855 3501 1955 3542 ital.
1973 3511 2001 3542 t.
2017 3501 2087 3541 vii.
2104 3515 2142 3553 p.

217 3587 268 3626 97
290 3576 443 3628 (1900).
503 3576 521 3614 I
542 3587 610 3614 am
630 3572 832 3613 indebted
854 3580 898 3612 to
918 3573 1138 3613 Monsieur
1159 3572 1350 3613 Sabatier
1369 3572 1430 3611 fot
1452 3572 1523 3610 the
1543 3570 1767 3610 reference.
