2449 3927
393 184 834 236 FORMERLY
877 183 957 234 IN
1001 184 1166 234 THE
1209 184 1609 236 PHILLIPPS
1654 185 2005 267 LIBRARY
2091 196 2153 249 53

238 334 438 390 corporis
460 333 658 390 oportuit
679 348 757 376 eos
780 333 1032 376 secundum
1053 334 1260 387 regulam
1294 332 1571 377 mendicare.
1643 334 1665 392 ἓ
1695 344 1715 389 5
1738 350 1747 377 z
1783 342 2036 378 contratam
2059 336 2168 393 (sor

239 413 463 466 stratam).
530 414 552 468 ἕ
578 412 605 453 6
625 425 634 453 :
678 411 848 452 Beatus
871 422 984 451 vero
1009 408 1290 462 Franciscus,
1310 408 1385 464 qui
1410 417 1511 452 erat
1534 409 1779 465 despectus
1796 419 1841 453 et
1858 425 2024 466 parvus
2058 445 2066 453 .
2103 444 2112 452 .
2149 443 2160 454 .

237 486 367 542 quasi
401 486 740 542 despiciebatur
760 486 820 528 ab
842 483 1084 537 omnibus;
1118 484 1226 540 quia
1257 485 1458 528 humane
1490 484 1747 541 insipientie
1779 486 1924 529 oculis
1948 488 2047 543 (sic)
2070 500 2162 529 non

238 560 313 605 illa
334 575 424 616 que
445 561 563 604 intus
586 562 670 604 sed
694 561 841 604 solum
861 573 951 614 que
973 560 1081 602 foris
1115 568 1220 603 sunt
1250 559 1424 618 judicat
1442 577 1452 613 ;
1487 560 1593 604 ideo
1615 560 1713 616 ipse
1735 570 1918 605 sanctus
1940 562 2163 617 quosdam

238 638 368 681 bolos
404 672 412 680 .
450 672 458 681 .
492 672 501 681 .
537 636 786 692 acquisivit.
856 635 878 692 ξ
901 637 925 679 8
947 651 956 678 ε
991 637 1108 679 Cum
1128 644 1283 679 autem
1302 638 1440 681 ambo
1457 645 1585 680 extra
1603 645 1769 681 terram
1788 638 1834 680 in
1850 638 2048 694 quodam
2064 639 2165 681 loco

239 712 317 755 ubi
342 713 493 755 cibum
520 711 650 755 simul
681 719 913 755 sumerent
945 699 1280 767 convenissent,
1314 727 1407 756 non
1440 712 1731 757 inveniebant
1763 713 1848 757 nisi
1882 715 2028 757 solum
2051 721 2166 757 terre

241 788 318 831 ubi
353 790 625 831 collocarent
656 787 926 831 elemosinas
959 787 1251 843 conquisitas,
1287 788 1396 844 quia
1431 788 1558 843 regio
1589 788 1665 832 illa
1695 796 1792 832 erat
1823 788 2010 832 omnino
2042 788 2167 831 nuda

239 860 480 916 lapidibus,
516 860 702 903 tandem
736 867 852 902 nutu
884 859 1042 903 divino
1073 870 1379 916 pervenerunt
1412 862 1472 905 ad
1503 862 1732 918 quendam
1766 862 1939 905 fontem
1971 861 2018 904 in
2041 862 2166 917 cujus

239 936 443 991 margine
465 937 712 979 collocatus
745 945 841 979 erat
872 936 988 992 lapis
1020 938 1210 992 pulcher
1238 938 1372 981 valde
1404 946 1450 981 et
1473 939 1605 993 latus,
1631 938 1689 981 de
1709 951 1802 993 quo
1822 938 1961 981 valde
1984 937 2167 992 gavisus

240 1021 441 1068 uterque.
508 1013 530 1069 ᾖ
582 1024 663 1054 12:
709 1012 790 1055 sed
832 1011 1051 1068 quicquid
1093 1013 1236 1066 adest,
1286 1021 1433 1056 totum
1477 1014 1537 1057 ad
1579 1013 1918 1070 providentiam
1961 1012 2167 1057 divinam

239 1096 528 1131 monstratur.
597 1091 620 1147 ξ
662 1099 743 1140 14:
779 1088 993 1131 laudibus
1027 1090 1139 1146 <for
1164 1089 1392 1146 hymnis):
1429 1090 1488 1133 ad
1522 1090 1758 1145 quandam
1779 1089 2035 1145 ecclesiam,
2059 1088 2171 1133 dixit

241 1164 285 1207 S.
312 1162 583 1206 Franciscus
607 1163 729 1206 socio
752 1178 836 1207 suo
856 1179 864 1206 :
904 1165 1130 1208 Intremus
1153 1172 1201 1208 ut
1228 1164 1304 1208 hic
1335 1165 1523 1209 missam
1548 1165 1733 1209 Domini
1755 1165 2011 1209 audiamus.
2079 1165 2171 1209 Sed

239 1253 343 1282 cum
376 1239 590 1282 sacerdos
623 1240 821 1294 abesset,
858 1241 902 1283 S.
940 1241 1011 1283 Fr.
1051 1240 1293 1284 abscondit
1333 1255 1383 1284 se
1420 1249 1524 1297 post
1557 1243 1701 1285 altare
1735 1240 1853 1284 illius
1887 1240 2077 1285 ecclesie
2110 1242 2172 1284 ad

238 1315 479 1358 orandum.
549 1317 571 1374 ἕ
619 1316 700 1358 18;
747 1330 830 1359 om.
874 1317 1365 1361 Praebe—reboando.
1433 1318 1455 1375 g
1498 1331 1582 1373 19:
1624 1317 1765 1373 patris
1800 1316 2031 1361 Francisci
2067 1317 2179 1376 (sor

240 1389 467 1447 Spiritus).
538 1391 560 1448 g
588 1403 673 1444 24:
709 1392 954 1435 resurrexit
978 1392 1087 1450 (sor
1113 1392 1354 1450 resurgit);
1389 1393 1700 1437 animantibus
1734 1395 1842 1452 (for
1860 1392 2169 1450 amantibus);

237 1475 399 1510 nature
437 1466 670 1510 humilitas
709 1470 822 1525 (sor
854 1468 954 1524 ipsa
993 1483 1084 1512 una
1121 1468 1423 1526 humilitatis).
1493 1471 1516 1528 ξ
1557 1483 1643 1526 29:
1688 1478 1734 1514 et
1767 1469 1855 1514 tuis
1895 1469 2172 1526 sequacibus

238 1544 566 1599 perfectissime
589 1546 696 1603 (for
715 1553 759 1588 et
781 1553 826 1588 te
850 1545 1181 1602 sequentibus).

150 1669 213 1721 71
354 1653 406 1719 (f.
438 1655 551 1720 981)
597 1652 844 1715 Qualiter
867 1652 1007 1703 beato
1034 1654 1312 1704 Franczlvco
1338 1655 1570 1720 loquente
1598 1671 1717 1704 cum
1743 1654 1897 1704 sociis
1922 1654 2175 1720 apparuit
2187 1659 2321 1699 Actus
2344 1669 2408 1707 14·

244 1740 490 1793 Christus
517 1743 573 1792 in
601 1743 769 1793 medio
797 1760 987 1794 eorum.

355 1832 737 1883 Sanctissimus
785 1842 940 1898 pater
984 1841 1168 1884 noster
1211 1877 1220 1886 .
1269 1876 1278 1886 .
1323 1875 1333 1885 .
1381 1835 1435 1885 in
1489 1834 1707 1886 Christo
1749 1835 2062 1900 jactaverat,
2115 1843 2170 1886 et

238 1929 418 1972 toturn
459 1963 469 1973 .
513 1964 523 1973 .
567 1964 577 1974 .
621 1931 676 1973 et
717 1922 908 1973 orandi
949 1931 1003 1974 et
1043 1923 1303 1991 loquendi
1344 1931 1400 1975 et
1440 1924 1793 1975 conversandi
1835 1924 2059 1975 modum
2101 1923 2170 1975 ad

238 2011 353 2076 ejus
372 2012 772 2077 beneplacitum
795 2013 849 2062 in
872 2031 931 2063 se
951 2021 1004 2064 et
1027 2015 1080 2063 in
1102 2015 1219 2064 aliis
1241 2016 1399 2069 sociis
1421 2016 1530 2065 suis
1547 2014 1845 2065 ordinabat.
1931 2014 2170 2081 Quando

235 2103 455 2153 volebat
502 2104 647 2155 enim
694 2103 845 2170 loqui
894 2104 961 2154 de
1007 2104 1131 2155 Deo
1179 2113 1233 2155 et
1281 2104 1350 2155 de
1395 2106 1571 2156 salute
1617 2107 1810 2168 anime,
1857 2123 1980 2156 cum
2028 2114 2170 2161 esset

237 2192 531 2258 aliquando
559 2210 683 2243 cum
712 2194 813 2244 illis
843 2196 1041 2245 sanctis
1083 2195 1397 2261 apostolicis
1426 2196 1582 2245 sociis
1619 2194 1690 2246 ad
1731 2195 2068 2262 loquendum
2102 2196 2170 2247 de

238 2281 360 2333 Deo
390 2282 458 2332 ad
487 2283 669 2333 locum
700 2284 939 2351 aliquem
981 2284 1361 2351 congregatis,1
1403 2284 1595 2336 accidit
1623 2286 1791 2336 semel
1820 2287 1875 2335 in
1903 2287 2168 2352 principio

236 2390 330 2423 sue
357 2374 740 2436 conversionis,
772 2392 897 2424 cum
940 2374 1115 2425 adhuc
1156 2376 1310 2441 pauci
1352 2382 1543 2435 essent,
1566 2374 1713 2441 quod
1754 2374 1977 2426 sedente
2018 2383 2169 2441 patre

236 2464 325 2528 pio
348 2481 471 2529 cum
495 2463 615 2513 filiis
652 2506 661 2515 .
702 2506 712 2516 .
750 2466 972 2516 .—facit
994 2464 1221 2516 disertas
1243 2474 1298 2516 et
1321 2466 1761 2531 sapientissimas.
1837 2465 1930 2516 Ad
1950 2465 2164 2517 laudem

236 2566 404 2600 suam.
490 2549 687 2602 Amen.

357 2666 379 2722 ἓ
398 2678 422 2719 3
444 2681 452 2708 ;
491 2674 538 2709 ut
559 2666 604 2708 in
626 2667 811 2710 nomine
836 2667 1021 2711 Domini
1045 2682 1098 2711 os
1121 2654 1255 2712 suurn
1287 2668 1481 2724 aperiret
1504 2670 1615 2726 (for
1634 2677 1682 2712 ut
1704 2668 1911 2713 similiter
1934 2697 1989 2702 —
2012 2668 2164 2712 minis-

237 2744 433 2799 tratam).
505 2744 527 2801 ξ
557 2728 608 2798 5“;
649 2752 693 2787 et
716 2746 874 2788 tertius
907 2759 987 2801 per
1019 2744 1327 2789 obedientiam
1359 2744 1572 2789 invitatus
1605 2746 1716 2802 (for
1741 2753 1786 2788 et
1817 2745 1903 2789 iste
1935 2772 1991 2776 —
2023 2745 2165 2789 adim-

235 2818 438 2876 plendo).

145 2921 214 2973 72
349 2922 400 2984 (f.
461 2925 573 2989 98²)
627 2923 875 2985 Qualiter
920 2932 1136 2974 sanctus
1186 2924 1503 2974 Francz'scus
1544 2933 1594 2975 et
1636 2925 1766 2975 socz'z'
1798 2913 1930 2975 ‘cum
1981 2933 2165 2975 sancta.
2180 2923 2315 2964 Actus
2337 2935 2400 2975 Ι5-

239 3008 403 3061 Clara
429 3011 666 3077 suerunt
700 3014 870 3064 simul
905 3012 1085 3079 mpti.2

350 3114 669 3167 Franciscus
698 3135 882 3168 servus
913 3118 1018 3167 Dei
1042 3117 1330 3182 Altissimi,
1354 3119 1486 3170 dum
1510 3127 1682 3169 staret
1711 3118 1919 3181 Assisii,
1946 3121 2164 3170 vivente

234 3204 412 3255 adhuc
484 3207 642 3258 beata
715 3208 873 3259 Clara
915 3239 984 3246 —
1029 3209 1170 3259 facta
1243 3227 1444 3275 sponsa
1512 3209 1739 3259 Domini
1806 3210 1978 3260 nostri
2032 3209 2160 3275 Jesu

233 3296 432 3348 Christi
461 3294 513 3365 (ξ
548 3299 616 3365 7).

339 3457 353 3480 1
371 3456 439 3507 Cf.
457 3456 646 3505 Fioretti,
669 3469 729 3505 14.

344 3524 511 3563 2Simu]
547 3525 655 3576 rapti
687 3525 850 3564 crossed
886 3530 971 3572 out,
1011 3525 1098 3563 and
1126 3526 1333 3564 consolati
1364 3524 1592 3564 refectione
1623 3523 1879 3563 substituted
1909 3526 1954 3564 in
1985 3524 2162 3565 another

231 3592 348 3631 leand
375 3592 419 3630 in
449 3591 636 3643 margin.
