2449 3927
367 175 802 227 FORMERLY
845 176 925 226 IN
969 176 1132 227 THE
1174 176 1578 227 PHILLIPPS
1628 177 1979 228 LIBRARY
2064 190 2132 241 27

325 326 523 378 Beatus
562 336 716 394 pater
754 336 996 396 noster--v
1019 327 1259 393 plenarie
1300 326 1662 379 confirmatus,
1774 327 1869 378 Ad
1919 329 2133 380 laudem

210 414 425 468 Christi.
507 416 704 468 Amen.

304 541 326 598 ,ξ
364 548 418 578 2:
454 534 549 580 ibat
586 535 694 592 (sor
709 534 822 590 ivit).
890 536 912 594 g
955 547 1009 589 3:
1051 532 1294 588 diligenter
1335 534 1443 592 (sor
1467 533 1664 589 semper)
1685 549 1695 586 3
1738 534 1989 589 promeruit
2037 536 2145 593 (for

206 611 378 668 valuit).
462 613 484 670 ἕ
530 621 612 666 57;
654 624 738 653 om.
781 609 1021 666 corporeis.
1099 613 1121 671 ,ξ
1162 623 1218 665 9:
1259 609 1357 652 add
1387 618 1431 653 et
1470 611 1589 653 clare
1627 610 1752 667 after
1783 609 2012 665 aspiceret.

120 706 187 754 28
283 706 334 773 (f.
370 718 400 768 7
410 704 483 772 3¹)
522 704 607 753 De
630 703 816 768 fratre
842 702 906 753 R.
941 703 1186 768 quomodo
1215 711 1332 752 erat
1355 702 1416 753 de
1444 703 1614 753 tribus
1644 703 1931 754 animabus
1969 705 2137 754 electis
2153 723 2282 761 Actus
2302 731 2366 770 35·

206 813 326 846 una.

320 884 472 936 Sicut
500 883 773 933 Dominus
814 889 1000 932 noster
1039 911 1183 919 ——-
1227 890 1281 932 et
1322 882 1508 932 multis
1548 883 1666 932 aliis
1706 899 1939 947 quorum
1982 882 2136 933 Deus

204 975 367 1026 beato
400 973 701 1027 ⁵Francisco
741 980 1002 1038 tanquam
1044 972 1189 1022 bono
1231 973 1436 1037 pastori
1477 972 1748 1038 magnalia
1789 972 2131 1023 revelaverat.

203 1063 295 1114 Ad
339 1063 557 1115 laudem
600 1061 816 1113 Christi.
901 1061 1098 1113 Amen.

331 1179 353 1237 ἕ
381 1193 405 1222 2
427 1195 435 1222 ε
462 1181 519 1222 de
538 1177 710 1234 optimo
727 1178 930 1222 remedio
948 1179 1060 1236 (sor
1070 1181 1340 1235 opportune>
1358 1179 1429 1237 [cf.
1450 1180 1593 1232 Fior„
1615 1179 1692 1237 31]
1713 1195 1724 1231 ;
1758 1179 2018 1222 extollendo
2038 1177 2146 1237 (for

200 1256 476 1312 exaltando).
545 1255 597 1312 g&
628 1255 732 1310 5-6:
768 1269 822 1298 ac
846 1255 1239 1310 contemplationis
1273 1254 1428 1299 divine
1462 1255 1610 1311 gratia
1644 1255 1846 1311 preditus
1881 1255 2138 1311 prerogati-

199 1346 347 1388 vaque
377 1331 598 1388 precipua
629 1330 853 1376 odorifere
893 1331 1271 1386 conversationis,
1313 1331 1495 1388 insuper
1534 1332 1723 1376 floridus
1762 1346 1919 1375 coram
1953 1334 2057 1375 Deo
2095 1341 2140 1376 et

196 1408 457 1453 hominibus
500 1409 606 1466 (for
637 1416 681 1452 et
721 1409 1456 1466 contemplationis—adornatus).
1547 1414 1569 1469 g*
1617 1422 1697 1451 11:
1740 1417 1952 1464 argueret
1983 1423 2136 1452 unum.

198 1486 221 1544 ἓ
267 1499 352 1529 12:
388 1483 628 1529 virtutibus
667 1492 712 1528 et
751 1484 908 1540 gratiis
947 1486 1284 1531 habundabant
1316 1487 1418 1541 (ουκ.
1460 1484 1506 1527 in
1544 1485 1744 1541 quibus).

110 1603 180 1652 29
309 1591 360 1658 (f.
396 1602 426 1654 7
436 1592 513 1658 3v)
554 1591 835 1655 Defratre
860 1590 1030 1640 Leone
1055 1592 1303 1657 quomodo
1330 1592 1437 1642 sibi
1460 1592 1713 1657 apparuit
1748 1591 1929 1641 beatus
1958 1592 2134 1642 Fran·
2154 1613 2286 1652 Actus
2307 1614 2373 1660 38·

194 1682 373 1732 cisa-m.

309 1771 594 1823 Gloriosus
623 1774 935 1823 innocentie
962 1781 1178 1824 amator
1203 1774 1296 1839 qui
1334 1791 1528 1839 corpus
1558 1772 1780 1824 decorat
1808 1782 1863 1824 et
1893 1774 2131 1824 animam

195 1870 250 1913 et
301 1861 370 1912 ad
423 1863 660 1929 gratiam
702 1862 1000 1913 introducit
1054 1871 1107 1913 et
1156 1862 1223 1913 ad
1277 1864 1509 1930 gloriam
1564 1863 1755 1914 beatus
1812 1863 2134 1914 Franciscus

195 1961 418 2019 propter
459 1969 716 2019 magnam
759 1954 1054 2018 puritatem
1110 1961 1164 2003 et
1212 1953 1578 2004 columbinam
1627 1954 2030 2020 simplicitatem
2080 1962 2136 2004 et

196 2043 569 2093 innocentiam
617 2060 782 2110 quam
830 2044 885 2093 in
935 2043 1098 2093 fratre
1147 2043 1336 2094 Leone
1375 2044 1646 2106 cernebat,
1688 2045 1866 2109 ipsum
1914 2043 2130 2093 fratrem

195 2134 520 2200 quantocius
588 2135 767 2199 potuit
833 2133 1068 2184 ducebat
1126 2151 1224 2200 pro
1278 2135 1438 2186 socio,
1484 2164 1627 2171 —---
1675 2134 1791 2199 ejus
1846 2133 2135 2184 ineffabilis

198 2223 495 2289 prophetia.
591 2222 684 2274 Ad
729 2223 944 2274 laudem
991 2224 1211 2276 Christi.
1308 2223 1506 2275 Amen.

324 2339 375 2397 ἐξ
400 2340 428 2381 6
451 2340 552 2382 and
568 2341 592 2382 8
615 2354 622 2381 :
648 2340 745 2382 add
763 2339 1049 2394 Franciscus,
1074 2341 1175 2383 and
1194 2341 1216 2398 3
1248 2353 1313 2395 12,
1340 2355 1424 2384 om.
1454 2342 1625 2384 factum
1652 2344 1723 2397 (ας
1758 2342 1807 2384 z'n
1840 2341 1979 2398 Likge
2004 2341 2138 2396 MS).

200 2415 299 2474 §4³
325 2416 474 2458 lucem
492 2424 536 2459 et
553 2415 706 2471 ignem
740 2451 749 2460 .
785 2451 793 2460 .
830 2452 838 2460 .
874 2417 1169 2460 descendere.
1238 2418 1260 2474 ,ξ
1289 2429 1312 2470 7
1334 2434 1342 2460 :
1364 2432 1448 2460 om.
1469 2418 1734 2461 decorabat.
1803 2416 1824 2474 ξ
1853 2417 1876 2459 8
1899 2432 1906 2459 :
1934 2415 2138 2459 exhibuit

199 2494 361 2537 beatus
387 2493 659 2537 Franciscus
686 2495 796 2552 (for
812 2494 950 2550 fecit).
1019 2498 1041 2554 g
1073 2508 1126 2537 10
1145 2510 1153 2537 :
1173 2509 1265 2537 non
1284 2494 1580 2550 permittebat
1596 2494 1752 2538 venire
1776 2502 1820 2537 et
1854 2529 1862 2537 .
1899 2529 1907 2537 .
1943 2529 1951 2537 .
1987 2492 2138 2536 dicere

199 2569 415 2612 nolebam
437 2570 549 2626 (for
565 2584 656 2612 non
679 2569 886 2614 mittebat
908 2596 1024 2600 ——
1046 2571 1283 2626 pandere).

117 2683 184 2734 30
314 2675 368 2741 (f.
400 2676 510 2742 74‘)
549 2676 633 2726 De
656 2676 842 2739 fratre
880 2676 1048 2725 Leone
1073 2675 1319 2741 quomodo
1360 2676 1500 2726 vidit
1537 2676 1746 2726 beatum
1788 2675 2133 2725 Francz'scum
2151 2691 2285 2731 Actus
2306 2703 2371 2741 39·

205 2765 260 2814 in
303 2782 420 2814 aere
464 2764 766 2817 elevazmn}

312 2853 451 2905 Cum
499 2855 688 2906 beatus
736 2856 1055 2906 Franciscus
1103 2856 1304 2921 incepit
1345 2886 1490 2892 ——
1535 2856 1986 2922 frequentissimis
2029 2855 2134 2903 sin-

199 2943 444 3009 gultibus
512 2945 567 2994 in
604 2953 910 3010 stuporem
977 2945 1245 2995 salubrem
1314 2947 1646 2996 immutatus,
1752 2944 1846 2994 Ad
1913 2943 2132 2994 laudem

203 3031 420 3084 Christi.
522 3032 718 3084 Amen.

318 3146 340 3203 ξ
381 3155 433 3201 5:
471 3146 595 3201 quod
629 3160 722 3189 non
755 3154 934 3202 poterat
977 3155 1165 3202 tangere
1202 3149 1342 3203 pedes
1379 3149 1503 3204 ejus:
1554 3162 1638 3191 ουκ.
1679 3147 2134 3190 videre—elevatum.

201 3223 461 3280 Marginal
483 3228 586 3266 note
610 3228 656 3265 to
681 3226 703 3281 ξ
740 3224 764 3265 8
787 3223 810 3277 εξ
831 3223 891 3265 ad
920 3223 1193 3277 tergendum
1226 3223 1312 3267 illa.
1381 3224 1403 3280 ἓ
1435 3237 1462 3279 9
1484 3239 1492 3266 z
1523 3224 1623 3266 add
1646 3224 1704 3266 de
1725 3237 1825 3266 sero
1846 3224 1970 3281 aster
1995 3222 2134 3278 Jovis.

205 3299 294 3357 [Cf.
330 3300 473 3354 Fion,
502 3299 726 3354 3aconsid.
754 3300 796 3343 d.
823 3298 1038 3355 stimate]
1097 3301 1166 3355 <T
1162 3301 1217 3343 he
1226 3302 1341 3357 first
1348 3305 1466 3357 part
1480 3301 1537 3358 of
1549 3302 1625 3344 flze
1647 3302 1838 3356 chapter
1852 3301 1907 3342 di
1944 3314 2015 3342 ers
2037 3314 2138 3343 con-

203 3377 431 3433 sz'derably
438 3377 575 3434 from
597 3378 675 3420 the
698 3377 1060 3434 correspondz'ng
1064 3381 1269 3435 passage
1298 3379 1346 3421 in
1376 3379 1451 3421 the
1483 3379 1585 3421 md
1609 3378 1775 3421 conszd.
1809 3392 1868 3420 οη
1899 3378 1975 3421 the
2010 3377 2137 3434 Stzg-

204 3458 364 3509 mata).

711 3569 725 3593 1
742 3570 792 3608 M
793 3570 971 3622 arginal
991 3575 1084 3609 note
1101 3587 1113 3611 .·
1143 3573 1246 3610 nota'
1262 3571 1368 3610 bene
1388 3579 1430 3610 et
1450 3570 1614 3610 devote.
