<?xml version="1.0" encoding="UTF-8"?>
<!DOCTYPE html PUBLIC "-//W3C//DTD XHTML 1.0 Transitional//EN"
    "http://www.w3.org/TR/xhtml1/DTD/xhtml1-transitional.dtd">
<html xmlns="http://www.w3.org/1999/xhtml" xml:lang="en" lang="en">
 <head>
  <title>
</title>
<meta http-equiv="Content-Type" content="text/html;charset=utf-8" />
  <meta name='ocr-system' content='tesseract 3.04.00' />
  <meta name='ocr-capabilities' content='ocr_page ocr_carea ocr_par ocr_line ocrx_word'/>
</head>
<body>
  <div class='ocr_page' id='page_1' title='image "./collectaneafranc00litt_0070.png"; bbox 0 0 2449 3927; ppageno 0'>
   <div class='ocr_carea' id='block_1_1' title="bbox 176 129 2096 192">
    <p class='ocr_par' dir='ltr' id='par_1_1' title="bbox 176 129 2096 192">
     <span class='ocr_line' id='line_1_1' title="bbox 176 129 2096 192; baseline 0.006 -15"><span class='ocrx_word' id='word_1_1' title='bbox 176 130 242 192; x_wconf 87' lang='lat'>58</span> <span class='ocrx_word' id='word_1_2' title='bbox 318 129 837 181; x_wconf 64' lang='lat' dir='ltr'>DESCRIPTION</span> <span class='ocrx_word' id='word_1_3' title='bbox 866 131 1040 182; x_wconf 75' lang='lat' dir='ltr'>OFA</span> <span class='ocrx_word' id='word_1_4' title='bbox 1064 133 1563 185; x_wconf 66' lang='lat' dir='ltr'><strong>FRANCISCAN</strong></span> <span class='ocrx_word' id='word_1_5' title='bbox 1591 134 2096 188; x_wconf 69' lang='lat' dir='ltr'><strong>MANUSCRIPT</strong></span> 
     </span>
    </p>
   </div>
   <div class='ocr_carea' id='block_1_2' title="bbox 169 280 2098 422">
    <p class='ocr_par' dir='ltr' id='par_1_2' title="bbox 169 280 2098 422">
     <span class='ocr_line' id='line_1_2' title="bbox 170 280 2098 342; baseline 0.005 -14"><span class='ocrx_word' id='word_1_6' title='bbox 170 280 519 330; x_wconf 82' lang='lat' dir='ltr'><strong>sanctitatem</strong></span> <span class='ocrx_word' id='word_1_7' title='bbox 550 281 826 332; x_wconf 84' lang='lat' dir='ltr'>mirificam</span> <span class='ocrx_word' id='word_1_8' title='bbox 855 281 923 342; x_wconf 88' lang='lat' dir='ltr'>ad</span> <span class='ocrx_word' id='word_1_9' title='bbox 964 285 1283 336; x_wconf 84' lang='lat' dir='ltr'>memoriam</span> <span class='ocrx_word' id='word_1_10' title='bbox 1313 285 1660 336; x_wconf 83' lang='lat' dir='ltr'>reducebant.</span> <span class='ocrx_word' id='word_1_11' title='bbox 1743 285 1836 336; x_wconf 87' lang='lat' dir='ltr'>Ad</span> <span class='ocrx_word' id='word_1_12' title='bbox 1879 286 2098 338; x_wconf 90' lang='lat' dir='ltr'>laudem</span> 
     </span>
     <span class='ocr_line' id='line_1_3' title="bbox 169 367 659 422; baseline 0.004 -3"><span class='ocrx_word' id='word_1_13' title='bbox 169 367 382 419; x_wconf 86' lang='lat' dir='ltr'><strong>Christi.</strong></span> <span class='ocrx_word' id='word_1_14' title='bbox 463 369 659 422; x_wconf 86' lang='lat' dir='ltr'>Amen.</span> 
     </span>
    </p>
   </div>
   <div class='ocr_carea' id='block_1_3' title="bbox 164 470 2097 909">
    <p class='ocr_par' dir='ltr' id='par_1_3' title="bbox 164 470 2097 909">
     <span class='ocr_line' id='line_1_4' title="bbox 283 470 2096 531; baseline 0.004 -19"><span class='ocrx_word' id='word_1_15' title='bbox 283 471 305 529; x_wconf 64' lang='lat' dir='ltr'>g</span> <span class='ocrx_word' id='word_1_16' title='bbox 342 482 396 512; x_wconf 91' lang='lat'>2:</span> <span class='ocrx_word' id='word_1_17' title='bbox 438 470 654 515; x_wconf 88' lang='lat' dir='ltr'>animalia</span> <span class='ocrx_word' id='word_1_18' title='bbox 690 472 955 517; x_wconf 84' lang='lat' dir='ltr'>destruebat</span> <span class='ocrx_word' id='word_1_19' title='bbox 992 475 1075 518; x_wconf 92' lang='lat' dir='ltr'>sed</span> <span class='ocrx_word' id='word_1_20' title='bbox 1112 474 1250 518; x_wconf 91' lang='lat' dir='ltr'>etiam</span> <span class='ocrx_word' id='word_1_21' title='bbox 1289 476 1498 522; x_wconf 90' lang='lat' dir='ltr'>homines</span> <span class='ocrx_word' id='word_1_22' title='bbox 1537 476 1801 531; x_wconf 91' lang='lat' dir='ltr'>devorabat,</span> <span class='ocrx_word' id='word_1_23' title='bbox 1836 475 1881 519; x_wconf 92' lang='lat' dir='ltr'>in</span> <span class='ocrx_word' id='word_1_24' title='bbox 1915 484 2096 520; x_wconf 89' lang='lat' dir='ltr'>tantum</span> 
     </span>
     <span class='ocr_line' id='line_1_5' title="bbox 168 544 2095 608; baseline 0.005 -21"><span class='ocrx_word' id='word_1_25' title='bbox 168 544 291 600; x_wconf 90' lang='lat' dir='ltr'>quod</span> <span class='ocrx_word' id='word_1_26' title='bbox 324 579 333 588; x_wconf 92' lang='lat'>.</span> <span class='ocrx_word' id='word_1_27' title='bbox 370 580 379 589; x_wconf 90' lang='lat'>.</span> <span class='ocrx_word' id='word_1_28' title='bbox 415 579 424 589; x_wconf 88' lang='lat'>.</span> <span class='ocrx_word' id='word_1_29' title='bbox 461 548 658 591; x_wconf 89' lang='lat' dir='ltr'>terrebat</span> <span class='ocrx_word' id='word_1_30' title='bbox 685 550 793 605; x_wconf 63' lang='lat' dir='ltr'>(for</span> <span class='ocrx_word' id='word_1_31' title='bbox 813 551 1015 607; x_wconf 89' lang='lat' dir='ltr'>tenebat)</span> <span class='ocrx_word' id='word_1_32' title='bbox 1039 559 1086 594; x_wconf 89' lang='lat' dir='ltr'>et</span> <span class='ocrx_word' id='word_1_33' title='bbox 1119 565 1281 594; x_wconf 90' lang='lat' dir='ltr'>omnes</span> <span class='ocrx_word' id='word_1_34' title='bbox 1314 551 1444 595; x_wconf 84' lang='lat' dir='ltr'>ibant</span> <span class='ocrx_word' id='word_1_35' title='bbox 1476 551 1640 596; x_wconf 91' lang='lat' dir='ltr'>armati</span> <span class='ocrx_word' id='word_1_36' title='bbox 1674 552 1859 608; x_wconf 87' lang='lat' dir='ltr'>quando</span> <span class='ocrx_word' id='word_1_37' title='bbox 1892 551 2095 607; x_wconf 88' lang='lat' dir='ltr'>egredie-</span> 
     </span>
     <span class='ocr_line' id='line_1_6' title="bbox 167 621 2097 684; baseline 0.005 -22"><span class='ocrx_word' id='word_1_38' title='bbox 167 621 346 664; x_wconf 87' lang='lat' dir='ltr'><strong>bantur.</strong></span> <span class='ocrx_word' id='word_1_39' title='bbox 415 623 518 680; x_wconf 73' lang='lat'>§4:</span> <span class='ocrx_word' id='word_1_40' title='bbox 553 630 826 678; x_wconf 88' lang='lat' dir='ltr'>potestatem</span> <span class='ocrx_word' id='word_1_41' title='bbox 856 627 968 683; x_wconf 82' lang='lat' dir='ltr'>(sor</span> <span class='ocrx_word' id='word_1_42' title='bbox 984 625 1300 682; x_wconf 83' lang='lat' dir='ltr'>sanctitatem).</span> <span class='ocrx_word' id='word_1_43' title='bbox 1369 627 1390 684; x_wconf 61' lang='grc' dir='ltr'>ἕ</span> <span class='ocrx_word' id='word_1_44' title='bbox 1431 636 1484 682; x_wconf 86' lang='lat'>5:</span> <span class='ocrx_word' id='word_1_45' title='bbox 1520 626 1707 670; x_wconf 84' lang='lat' dir='ltr'>invadet</span> <span class='ocrx_word' id='word_1_46' title='bbox 1734 635 1778 671; x_wconf 91' lang='lat' dir='ltr'>te</span> <span class='ocrx_word' id='word_1_47' title='bbox 1812 635 1856 670; x_wconf 89' lang='lat' dir='ltr'>et</span> <span class='ocrx_word' id='word_1_48' title='bbox 1877 626 2097 682; x_wconf 89' lang='lat' dir='ltr'>percutiet</span> 
     </span>
     <span class='ocr_line' id='line_1_7' title="bbox 168 696 2097 760; baseline 0.004 -22"><span class='ocrx_word' id='word_1_49' title='bbox 168 697 278 751; x_wconf 83' lang='lat' dir='ltr'>(for</span> <span class='ocrx_word' id='word_1_50' title='bbox 308 696 488 751; x_wconf 90' lang='lat' dir='ltr'>penitus</span> <span class='ocrx_word' id='word_1_51' title='bbox 511 705 555 740; x_wconf 93' lang='lat' dir='ltr'>te</span> <span class='ocrx_word' id='word_1_52' title='bbox 588 697 793 755; x_wconf 90' lang='lat' dir='ltr'>occidet).</span> <span class='ocrx_word' id='word_1_53' title='bbox 862 702 885 760; x_wconf 58' lang='grc' dir='ltr'>ἓ</span> <span class='ocrx_word' id='word_1_54' title='bbox 930 711 983 752; x_wconf 91' lang='lat'>7:</span> <span class='ocrx_word' id='word_1_55' title='bbox 1021 701 1083 743; x_wconf 90' lang='lat' dir='ltr'>Et</span> <span class='ocrx_word' id='word_1_56' title='bbox 1121 699 1409 744; x_wconf 90' lang='lat' dir='ltr'>fidelissimus</span> <span class='ocrx_word' id='word_1_57' title='bbox 1448 700 1612 744; x_wconf 82' lang='lat' dir='ltr'>Christi</span> <span class='ocrx_word' id='word_1_58' title='bbox 1652 700 1784 745; x_wconf 90' lang='lat' dir='ltr'>miles</span> <span class='ocrx_word' id='word_1_59' title='bbox 1825 701 2097 745; x_wconf 89' lang='lat' dir='ltr'>Franciscus</span> 
     </span>
     <span class='ocr_line' id='line_1_8' title="bbox 164 769 2095 833; baseline 0.005 -21"><span class='ocrx_word' id='word_1_60' title='bbox 164 769 299 825; x_wconf 87' lang='lat' dir='ltr'>signo</span> <span class='ocrx_word' id='word_1_61' title='bbox 322 771 465 815; x_wconf 91' lang='lat' dir='ltr'>crucis</span> <span class='ocrx_word' id='word_1_62' title='bbox 489 780 533 816; x_wconf 91' lang='lat' dir='ltr'>et</span> <span class='ocrx_word' id='word_1_63' title='bbox 555 772 661 816; x_wconf 88' lang='lat' dir='ltr'>fidei</span> <span class='ocrx_word' id='word_1_64' title='bbox 685 773 863 830; x_wconf 91' lang='lat' dir='ltr'>clippeo</span> <span class='ocrx_word' id='word_1_65' title='bbox 884 775 1085 819; x_wconf 90' lang='lat' dir='ltr'>munitus</span> <span class='ocrx_word' id='word_1_66' title='bbox 1107 775 1193 819; x_wconf 88' lang='lat' dir='ltr'>iter</span> <span class='ocrx_word' id='word_1_67' title='bbox 1213 775 1309 820; x_wconf 90' lang='lat' dir='ltr'>aliis</span> <span class='ocrx_word' id='word_1_68' title='bbox 1334 790 1499 833; x_wconf 81' lang='lat' dir='ltr'>capere</span> <span class='ocrx_word' id='word_1_69' title='bbox 1530 776 1845 821; x_wconf 85' lang='lat' dir='ltr'>dubitantibus</span> <span class='ocrx_word' id='word_1_70' title='bbox 1869 777 1965 833; x_wconf 84' lang='lat' dir='ltr'>ipse</span> <span class='ocrx_word' id='word_1_71' title='bbox 1990 792 2095 822; x_wconf 92' lang='lat' dir='ltr'>con-</span> 
     </span>
     <span class='ocr_line' id='line_1_9' title="bbox 165 847 2095 909; baseline 0.004 -20"><span class='ocrx_word' id='word_1_72' title='bbox 165 854 339 890; x_wconf 86' lang='lat' dir='ltr'>stanter</span> <span class='ocrx_word' id='word_1_73' title='bbox 368 847 497 903; x_wconf 89' lang='lat' dir='ltr'>cepit.</span> <span class='ocrx_word' id='word_1_74' title='bbox 563 849 625 891; x_wconf 91' lang='lat' dir='ltr'>Et</span> <span class='ocrx_word' id='word_1_75' title='bbox 658 863 767 893; x_wconf 92' lang='lat' dir='ltr'>ecce</span> <span class='ocrx_word' id='word_1_76' title='bbox 801 850 956 893; x_wconf 89' lang='lat' dir='ltr'>multis</span> <span class='ocrx_word' id='word_1_77' title='bbox 987 851 1280 895; x_wconf 87' lang='lat' dir='ltr'>cernentibus</span> <span class='ocrx_word' id='word_1_78' title='bbox 1314 853 1375 896; x_wconf 92' lang='lat' dir='ltr'>de</span> <span class='ocrx_word' id='word_1_79' title='bbox 1407 851 1515 895; x_wconf 90' lang='lat' dir='ltr'>locis</span> <span class='ocrx_word' id='word_1_80' title='bbox 1545 852 1655 895; x_wconf 91' lang='lat' dir='ltr'>dum</span> <span class='ocrx_word' id='word_1_81' title='bbox 1688 853 1749 896; x_wconf 89' lang='lat' dir='ltr'>ad</span> <span class='ocrx_word' id='word_1_82' title='bbox 1781 854 2095 909; x_wconf 88' lang='lat' dir='ltr'>spectaculum</span> 
     </span>
    </p>
   </div>
   <div class='ocr_carea' id='block_1_4' title="bbox 164 924 2095 1139">
    <p class='ocr_par' dir='ltr' id='par_1_4' title="bbox 164 924 2095 1139">
     <span class='ocr_line' id='line_1_10' title="bbox 164 924 2094 988; baseline 0.004 -23"><span class='ocrx_word' id='word_1_83' title='bbox 164 931 432 977; x_wconf 84' lang='lat' dir='ltr'>accesserat,</span> <span class='ocrx_word' id='word_1_84' title='bbox 458 924 592 980; x_wconf 92' lang='lat' dir='ltr'>lupus</span> <span class='ocrx_word' id='word_1_85' title='bbox 626 959 634 967; x_wconf 95' lang='lat'>.</span> <span class='ocrx_word' id='word_1_86' title='bbox 671 957 681 967; x_wconf 87' lang='grc'><strong>.</strong></span> <span class='ocrx_word' id='word_1_87' title='bbox 719 958 728 968; x_wconf 87' lang='grc'><strong>.</strong></span> <span class='ocrx_word' id='word_1_88' title='bbox 766 927 869 981; x_wconf 82' lang='lat' dir='ltr'>(om.</span> <span class='ocrx_word' id='word_1_89' title='bbox 904 927 1108 984; x_wconf 90' lang='lat' dir='ltr'>socium).</span> <span class='ocrx_word' id='word_1_90' title='bbox 1178 931 1200 988; x_wconf 58' lang='lat' dir='ltr'>g</span> <span class='ocrx_word' id='word_1_91' title='bbox 1242 940 1324 970; x_wconf 85' lang='lat'>11:</span> <span class='ocrx_word' id='word_1_92' title='bbox 1361 928 1581 972; x_wconf 89' lang='lat' dir='ltr'>mandato</span> <span class='ocrx_word' id='word_1_93' title='bbox 1616 930 1728 987; x_wconf 84' lang='lat' dir='ltr'>(for</span> <span class='ocrx_word' id='word_1_94' title='bbox 1755 928 2094 983; x_wconf 83' lang='lat' dir='ltr'>misericordia).</span> 
     </span>
     <span class='ocr_line' id='line_1_11' title="bbox 167 997 2095 1065; baseline 0.005 -25"><span class='ocrx_word' id='word_1_95' title='bbox 167 997 190 1055; x_wconf 62' lang='grc' dir='ltr'><strong>ἕ</strong></span> <span class='ocrx_word' id='word_1_96' title='bbox 216 1010 267 1054; x_wconf 88' lang='lat'>13</span> <span class='ocrx_word' id='word_1_97' title='bbox 288 1014 298 1050; x_wconf 82' lang='lat'><em>3</em></span> <span class='ocrx_word' id='word_1_98' title='bbox 332 997 391 1042; x_wconf 91' lang='lat' dir='ltr'>ita</span> <span class='ocrx_word' id='word_1_99' title='bbox 405 1000 528 1055; x_wconf 90' lang='lat' dir='ltr'>quod</span> <span class='ocrx_word' id='word_1_100' title='bbox 541 999 664 1056; x_wconf 92' lang='lat' dir='ltr'>ipsos</span> <span class='ocrx_word' id='word_1_101' title='bbox 681 1002 783 1056; x_wconf 90' lang='lat' dir='ltr'>plus</span> <span class='ocrx_word' id='word_1_102' title='bbox 800 1015 893 1045; x_wconf 92' lang='lat' dir='ltr'>non</span> <span class='ocrx_word' id='word_1_103' title='bbox 911 1002 1051 1046; x_wconf 83' lang='lat' dir='ltr'>ledaS.</span> <span class='ocrx_word' id='word_1_104' title='bbox 1120 1002 1142 1060; x_wconf 58' lang='grc' dir='ltr'>ἕ</span> <span class='ocrx_word' id='word_1_105' title='bbox 1169 1014 1218 1059; x_wconf 89' lang='lat'>15</span> <span class='ocrx_word' id='word_1_106' title='bbox 1241 1017 1250 1046; x_wconf 92' lang='lat'><strong>:</strong></span> <span class='ocrx_word' id='word_1_107' title='bbox 1288 1003 1527 1048; x_wconf 88' lang='lat' dir='ltr'>continuas</span> <span class='ocrx_word' id='word_1_108' title='bbox 1545 1006 1647 1062; x_wconf 85' lang='lat' dir='ltr'>&lt;for</span> <span class='ocrx_word' id='word_1_109' title='bbox 1657 1004 1893 1061; x_wconf 88' lang='lat' dir='ltr'>quotidie).</span> <span class='ocrx_word' id='word_1_110' title='bbox 1963 1007 1986 1065; x_wconf 56' lang='grc' dir='ltr'>ξ</span> <span class='ocrx_word' id='word_1_111' title='bbox 2012 1005 2064 1048; x_wconf 86' lang='lat'>16</span> <span class='ocrx_word' id='word_1_112' title='bbox 2085 1021 2095 1049; x_wconf 73' lang='grc' dir='ltr'><em>τ</em></span> 
     </span>
     <span class='ocr_line' id='line_1_12' title="bbox 165 1073 2094 1139; baseline 0.004 -23"><span class='ocrx_word' id='word_1_113' title='bbox 165 1073 305 1117; x_wconf 80' lang='lat' dir='ltr'>fecisti</span> <span class='ocrx_word' id='word_1_114' title='bbox 329 1077 440 1132; x_wconf 82' lang='lat' dir='ltr'>(for</span> <span class='ocrx_word' id='word_1_115' title='bbox 457 1075 594 1118; x_wconf 87' lang='lat' dir='ltr'>facis:</span> <span class='ocrx_word' id='word_1_116' title='bbox 630 1077 731 1133; x_wconf 69' lang='lat' dir='ltr'>bis).</span> <span class='ocrx_word' id='word_1_117' title='bbox 802 1077 824 1134; x_wconf 57' lang='grc' dir='ltr'>ξ</span> <span class='ocrx_word' id='word_1_118' title='bbox 855 1079 937 1125; x_wconf 89' lang='lat'>18:</span> <span class='ocrx_word' id='word_1_119' title='bbox 974 1080 1061 1122; x_wconf 91' lang='lat' dir='ltr'>hec</span> <span class='ocrx_word' id='word_1_120' title='bbox 1092 1079 1248 1123; x_wconf 91' lang='lat' dir='ltr'>omnia</span> <span class='ocrx_word' id='word_1_121' title='bbox 1273 1081 1384 1138; x_wconf 86' lang='lat' dir='ltr'>(for</span> <span class='ocrx_word' id='word_1_122' title='bbox 1411 1080 1563 1123; x_wconf 87' lang='lat' dir='ltr'>facere</span> <span class='ocrx_word' id='word_1_123' title='bbox 1596 1107 1654 1113; x_wconf 89' lang='lat'>—-</span> <span class='ocrx_word' id='word_1_124' title='bbox 1689 1083 1879 1138; x_wconf 88' lang='lat' dir='ltr'>sancto).</span> <span class='ocrx_word' id='word_1_125' title='bbox 1949 1081 1971 1139; x_wconf 57' lang='grc' dir='ltr'><strong>ἕ</strong></span> <span class='ocrx_word' id='word_1_126' title='bbox 2008 1094 2094 1124; x_wconf 88' lang='lat'>20:</span> 
     </span>
    </p>
   </div>
   <div class='ocr_carea' id='block_1_5' title="bbox 163 1150 2102 2122">
    <p class='ocr_par' dir='ltr' id='par_1_5' title="bbox 163 1150 2100 1269">
     <span class='ocr_line' id='line_1_13' title="bbox 163 1150 2100 1213; baseline 0.005 -21"><span class='ocrx_word' id='word_1_127' title='bbox 163 1157 213 1192; x_wconf 91' lang='lat' dir='ltr'>ut</span> <span class='ocrx_word' id='word_1_128' title='bbox 235 1150 390 1193; x_wconf 88' lang='lat' dir='ltr'>venias</span> <span class='ocrx_word' id='word_1_129' title='bbox 414 1152 551 1195; x_wconf 91' lang='lat' dir='ltr'>modo</span> <span class='ocrx_word' id='word_1_130' title='bbox 572 1166 766 1208; x_wconf 86' lang='lat' dir='ltr'>mecum,</span> <span class='ocrx_word' id='word_1_131' title='bbox 790 1168 878 1197; x_wconf 90' lang='lat' dir='ltr'>nec</span> <span class='ocrx_word' id='word_1_132' title='bbox 902 1154 1094 1209; x_wconf 84' lang='lat' dir='ltr'>dubites,</span> <span class='ocrx_word' id='word_1_133' title='bbox 1119 1163 1165 1198; x_wconf 90' lang='lat' dir='ltr'>et</span> <span class='ocrx_word' id='word_1_134' title='bbox 1187 1169 1358 1210; x_wconf 88' lang='lat' dir='ltr'>eamus,</span> <span class='ocrx_word' id='word_1_135' title='bbox 1384 1155 1605 1200; x_wconf 89' lang='lat' dir='ltr'>faciamus</span> <span class='ocrx_word' id='word_1_136' title='bbox 1639 1171 1803 1213; x_wconf 88' lang='lat' dir='ltr'>pacem</span> <span class='ocrx_word' id='word_1_137' title='bbox 1836 1157 1880 1200; x_wconf 92' lang='lat' dir='ltr'>in</span> <span class='ocrx_word' id='word_1_138' title='bbox 1914 1157 2100 1201; x_wconf 88' lang='lat' dir='ltr'>nomine</span> 
     </span>
     <span class='ocr_line' id='line_1_14' title="bbox 165 1225 364 1269; baseline 0.01 -2"><span class='ocrx_word' id='word_1_139' title='bbox 165 1225 364 1269; x_wconf 89' lang='lat' dir='ltr'>Domini.</span> 
     </span>
    </p>

    <p class='ocr_par' dir='ltr' id='par_1_6' title="bbox 163 1302 2102 2122">
     <span class='ocr_line' id='line_1_15' title="bbox 281 1302 2098 1364; baseline 0.004 -19"><span class='ocrx_word' id='word_1_140' title='bbox 281 1302 304 1359; x_wconf 60' lang='grc' dir='ltr'><strong>ἕ</strong></span> <span class='ocrx_word' id='word_1_141' title='bbox 330 1314 381 1344; x_wconf 89' lang='lat'>21</span> <span class='ocrx_word' id='word_1_142' title='bbox 407 1317 416 1345; x_wconf 81' lang='lat' dir='ltr'><em>z</em></span> <span class='ocrx_word' id='word_1_143' title='bbox 452 1310 546 1346; x_wconf 88' lang='lat' dir='ltr'>tarn</span> <span class='ocrx_word' id='word_1_144' title='bbox 570 1318 702 1347; x_wconf 91' lang='lat' dir='ltr'>senes</span> <span class='ocrx_word' id='word_1_145' title='bbox 725 1318 865 1360; x_wconf 89' lang='lat' dir='ltr'>quam</span> <span class='ocrx_word' id='word_1_146' title='bbox 883 1306 1089 1362; x_wconf 83' lang='lat' dir='ltr'>juvenes,</span> <span class='ocrx_word' id='word_1_147' title='bbox 1112 1315 1207 1350; x_wconf 89' lang='lat' dir='ltr'>tam</span> <span class='ocrx_word' id='word_1_148' title='bbox 1230 1307 1424 1363; x_wconf 90' lang='lat' dir='ltr'>majores</span> <span class='ocrx_word' id='word_1_149' title='bbox 1446 1321 1587 1363; x_wconf 90' lang='lat' dir='ltr'>quam</span> <span class='ocrx_word' id='word_1_150' title='bbox 1611 1307 1821 1364; x_wconf 81' lang='lat' dir='ltr'>minore5‚</span> <span class='ocrx_word' id='word_1_151' title='bbox 1841 1317 1933 1352; x_wconf 90' lang='lat' dir='ltr'>tarn</span> <span class='ocrx_word' id='word_1_152' title='bbox 1947 1323 2098 1352; x_wconf 89' lang='lat' dir='ltr'>mares</span> 
     </span>
     <span class='ocr_line' id='line_1_16' title="bbox 163 1376 2093 1443; baseline 0.003 -22"><span class='ocrx_word' id='word_1_153' title='bbox 163 1391 303 1432; x_wconf 89' lang='lat' dir='ltr'>quam</span> <span class='ocrx_word' id='word_1_154' title='bbox 327 1376 553 1433; x_wconf 88' lang='lat' dir='ltr'>mulieres,</span> <span class='ocrx_word' id='word_1_155' title='bbox 577 1388 671 1423; x_wconf 89' lang='lat' dir='ltr'>tam</span> <span class='ocrx_word' id='word_1_156' title='bbox 687 1380 865 1424; x_wconf 88' lang='lat' dir='ltr'>nobiles</span> <span class='ocrx_word' id='word_1_157' title='bbox 883 1395 1023 1437; x_wconf 87' lang='lat' dir='ltr'>quam</span> <span class='ocrx_word' id='word_1_158' title='bbox 1047 1383 1285 1437; x_wconf 89' lang='lat' dir='ltr'>populares</span> <span class='ocrx_word' id='word_1_159' title='bbox 1308 1384 1421 1441; x_wconf 83' lang='lat' dir='ltr'>(for</span> <span class='ocrx_word' id='word_1_160' title='bbox 1437 1390 1532 1427; x_wconf 89' lang='lat' dir='ltr'>tarn</span> <span class='ocrx_word' id='word_1_161' title='bbox 1551 1382 1632 1426; x_wconf 88' lang='lat' dir='ltr'>viri</span> <span class='ocrx_word' id='word_1_162' title='bbox 1655 1410 1712 1416; x_wconf 84' lang='lat'>-—</span> <span class='ocrx_word' id='word_1_163' title='bbox 1736 1383 1896 1442; x_wconf 90' lang='lat' dir='ltr'>parvi).</span> <span class='ocrx_word' id='word_1_164' title='bbox 1963 1386 1985 1443; x_wconf 56' lang='grc' dir='ltr'><strong>ἕ</strong></span> <span class='ocrx_word' id='word_1_165' title='bbox 2007 1394 2060 1439; x_wconf 84' lang='lat'>25</span> <span class='ocrx_word' id='word_1_166' title='bbox 2085 1400 2093 1427; x_wconf 78' lang='lat' dir='ltr'><em>z</em></span> 
     </span>
     <span class='ocr_line' id='line_1_17' title="bbox 164 1453 2098 1516; baseline 0.004 -21"><span class='ocrx_word' id='word_1_167' title='bbox 164 1460 211 1496; x_wconf 90' lang='lat' dir='ltr'>et</span> <span class='ocrx_word' id='word_1_168' title='bbox 241 1453 368 1508; x_wconf 90' lang='lat' dir='ltr'>quod</span> <span class='ocrx_word' id='word_1_169' title='bbox 401 1454 505 1509; x_wconf 91' lang='lat' dir='ltr'>plus</span> <span class='ocrx_word' id='word_1_170' title='bbox 537 1469 703 1510; x_wconf 89' lang='lat' dir='ltr'>pavere</span> <span class='ocrx_word' id='word_1_171' title='bbox 736 1456 1011 1500; x_wconf 90' lang='lat' dir='ltr'>deberemus</span> <span class='ocrx_word' id='word_1_172' title='bbox 1043 1457 1213 1503; x_wconf 89' lang='lat' dir='ltr'>hiatum</span> <span class='ocrx_word' id='word_1_173' title='bbox 1250 1457 1518 1502; x_wconf 89' lang='lat' dir='ltr'>infernalem</span> <span class='ocrx_word' id='word_1_174' title='bbox 1541 1473 1683 1515; x_wconf 89' lang='lat' dir='ltr'>quarn</span> <span class='ocrx_word' id='word_1_175' title='bbox 1723 1474 1867 1503; x_wconf 90' lang='lat' dir='ltr'>unum</span> <span class='ocrx_word' id='word_1_176' title='bbox 1905 1474 2098 1516; x_wconf 89' lang='lat' dir='ltr'>parvum</span> 
     </span>
     <span class='ocr_line' id='line_1_18' title="bbox 166 1528 2093 1593; baseline 0.004 -21"><span class='ocrx_word' id='word_1_177' title='bbox 166 1528 363 1574; x_wconf 90' lang='lat' dir='ltr'>animal:</span> <span class='ocrx_word' id='word_1_178' title='bbox 403 1538 448 1573; x_wconf 90' lang='lat' dir='ltr'>et</span> <span class='ocrx_word' id='word_1_179' title='bbox 492 1529 581 1574; x_wconf 90' lang='lat' dir='ltr'>alia</span> <span class='ocrx_word' id='word_1_180' title='bbox 618 1532 762 1575; x_wconf 90' lang='lat' dir='ltr'>verba</span> <span class='ocrx_word' id='word_1_181' title='bbox 800 1532 964 1576; x_wconf 88' lang='lat' dir='ltr'>similia</span> <span class='ocrx_word' id='word_1_182' title='bbox 1001 1532 1098 1577; x_wconf 90' lang='lat' dir='ltr'>istis</span> <span class='ocrx_word' id='word_1_183' title='bbox 1121 1532 1233 1578; x_wconf 87' lang='lat' dir='ltr'>dixit</span> <span class='ocrx_word' id='word_1_184' title='bbox 1255 1533 1368 1592; x_wconf 82' lang='lat' dir='ltr'>(for</span> <span class='ocrx_word' id='word_1_185' title='bbox 1396 1542 1442 1577; x_wconf 91' lang='lat' dir='ltr'>et</span> <span class='ocrx_word' id='word_1_186' title='bbox 1473 1542 1697 1590; x_wconf 88' lang='lat' dir='ltr'>quantum</span> <span class='ocrx_word' id='word_1_187' title='bbox 1732 1563 1788 1569; x_wconf 92' lang='lat'>—</span> <span class='ocrx_word' id='word_1_188' title='bbox 1821 1534 2093 1593; x_wconf 89' lang='lat' dir='ltr'>detinebat).</span> 
     </span>
     <span class='ocr_line' id='line_1_19' title="bbox 168 1605 2095 1667; baseline 0.004 -19"><span class='ocrx_word' id='word_1_189' title='bbox 168 1605 191 1663; x_wconf 62' lang='grc' dir='ltr'><strong>ἕ</strong></span> <span class='ocrx_word' id='word_1_190' title='bbox 227 1617 313 1661; x_wconf 87' lang='lat'>29:</span> <span class='ocrx_word' id='word_1_191' title='bbox 349 1605 525 1650; x_wconf 88' lang='lat' dir='ltr'>mittere</span> <span class='ocrx_word' id='word_1_192' title='bbox 572 1608 625 1662; x_wconf 73' lang='lat' dir='ltr'>(l)</span> <span class='ocrx_word' id='word_1_193' title='bbox 663 1608 775 1666; x_wconf 85' lang='lat' dir='ltr'>(for</span> <span class='ocrx_word' id='word_1_194' title='bbox 801 1609 959 1664; x_wconf 91' lang='lat' dir='ltr'>lupum</span> <span class='ocrx_word' id='word_1_195' title='bbox 991 1608 1213 1666; x_wconf 89' lang='lat' dir='ltr'>nutrire):</span> <span class='ocrx_word' id='word_1_196' title='bbox 1248 1624 1336 1654; x_wconf 90' lang='lat' dir='ltr'>nec</span> <span class='ocrx_word' id='word_1_197' title='bbox 1369 1609 1588 1654; x_wconf 89' lang='lat' dir='ltr'>animalia</span> <span class='ocrx_word' id='word_1_198' title='bbox 1615 1625 1703 1655; x_wconf 91' lang='lat' dir='ltr'>nec</span> <span class='ocrx_word' id='word_1_199' title='bbox 1733 1611 1935 1667; x_wconf 88' lang='lat' dir='ltr'>aliquam</span> <span class='ocrx_word' id='word_1_200' title='bbox 1971 1626 2095 1656; x_wconf 90' lang='lat' dir='ltr'>crea-</span> 
     </span>
     <span class='ocr_line' id='line_1_20' title="bbox 165 1682 2102 1747; baseline 0.004 -23"><span class='ocrx_word' id='word_1_201' title='bbox 165 1688 313 1725; x_wconf 88' lang='lat' dir='ltr'>turam</span> <span class='ocrx_word' id='word_1_202' title='bbox 334 1682 474 1725; x_wconf 91' lang='lat' dir='ltr'>ledas.</span> <span class='ocrx_word' id='word_1_203' title='bbox 544 1684 567 1743; x_wconf 72' lang='lat'>‘3‘</span> <span class='ocrx_word' id='word_1_204' title='bbox 588 1695 680 1738; x_wconf 82' lang='lat'>30:</span> <span class='ocrx_word' id='word_1_205' title='bbox 717 1683 1031 1737; x_wconf 84' lang='lat' dir='ltr'>genuflectens</span> <span class='ocrx_word' id='word_1_206' title='bbox 1055 1684 1520 1743; x_wconf 86' lang='lat' dir='ltr'>(foringeniculans).</span> <span class='ocrx_word' id='word_1_207' title='bbox 1593 1689 1615 1745; x_wconf 63' lang='grc'>3·</span> <span class='ocrx_word' id='word_1_208' title='bbox 1637 1700 1689 1742; x_wconf 82' lang='lat'>31</span> <span class='ocrx_word' id='word_1_209' title='bbox 1714 1701 1724 1730; x_wconf 73' lang='grc' dir='ltr'><strong><em>ε</em></strong></span> <span class='ocrx_word' id='word_1_210' title='bbox 1761 1687 1960 1744; x_wconf 87' lang='lat' dir='ltr'>decipies</span> <span class='ocrx_word' id='word_1_211' title='bbox 1989 1690 2102 1747; x_wconf 82' lang='lat' dir='ltr'>(sor</span> 
     </span>
     <span class='ocr_line' id='line_1_21' title="bbox 167 1756 2098 1821; baseline 0.004 -20"><span class='ocrx_word' id='word_1_212' title='bbox 167 1756 486 1815; x_wconf 88' lang='lat' dir='ltr'>derelinques).</span> <span class='ocrx_word' id='word_1_213' title='bbox 554 1760 576 1816; x_wconf 55' lang='grc' dir='ltr'><strong>ἕ</strong></span> <span class='ocrx_word' id='word_1_214' title='bbox 603 1772 687 1815; x_wconf 85' lang='lat'>33:</span> <span class='ocrx_word' id='word_1_215' title='bbox 723 1759 927 1814; x_wconf 85' lang='lat' dir='ltr'>gentium</span> <span class='ocrx_word' id='word_1_216' title='bbox 961 1763 978 1819; x_wconf 92' lang='lat'>(</span> <span class='ocrx_word' id='word_1_217' title='bbox 979 1763 1073 1818; x_wconf 75' lang='lat' dir='ltr'>sor</span> <span class='ocrx_word' id='word_1_218' title='bbox 1089 1760 1133 1804; x_wconf 91' lang='lat' dir='ltr'>in</span> <span class='ocrx_word' id='word_1_219' title='bbox 1166 1761 1434 1818; x_wconf 86' lang='lat' dir='ltr'>gaudium):</span> <span class='ocrx_word' id='word_1_220' title='bbox 1471 1761 1589 1805; x_wconf 89' lang='lat' dir='ltr'>illius</span> <span class='ocrx_word' id='word_1_221' title='bbox 1621 1762 1798 1819; x_wconf 88' lang='lat' dir='ltr'>rapacis</span> <span class='ocrx_word' id='word_1_222' title='bbox 1830 1763 1934 1820; x_wconf 90' lang='lat' dir='ltr'>lupi,</span> <span class='ocrx_word' id='word_1_223' title='bbox 1972 1764 2098 1821; x_wconf 90' lang='lat' dir='ltr'>quod</span> 
     </span>
     <span class='ocr_line' id='line_1_22' title="bbox 168 1833 2094 1899; baseline 0.004 -23"><span class='ocrx_word' id='word_1_224' title='bbox 168 1847 330 1876; x_wconf 89' lang='lat' dir='ltr'>omnes</span> <span class='ocrx_word' id='word_1_225' title='bbox 352 1833 460 1877; x_wconf 87' lang='lat' dir='ltr'>dare</span> <span class='ocrx_word' id='word_1_226' title='bbox 478 1842 699 1889; x_wconf 90' lang='lat' dir='ltr'>ceperunt</span> <span class='ocrx_word' id='word_1_227' title='bbox 716 1836 873 1879; x_wconf 89' lang='lat' dir='ltr'>laudes</span> <span class='ocrx_word' id='word_1_228' title='bbox 890 1835 1069 1880; x_wconf 87' lang='lat' dir='ltr'>Christo</span> <span class='ocrx_word' id='word_1_229' title='bbox 1085 1846 1128 1881; x_wconf 88' lang='lat' dir='ltr'>et</span> <span class='ocrx_word' id='word_1_230' title='bbox 1146 1839 1257 1895; x_wconf 69' lang='lat' dir='ltr'>&lt;for</span> <span class='ocrx_word' id='word_1_231' title='bbox 1266 1852 1405 1894; x_wconf 91' lang='lat' dir='ltr'>quam</span> <span class='ocrx_word' id='word_1_232' title='bbox 1423 1836 1607 1894; x_wconf 90' lang='lat' dir='ltr'>insuper</span> <span class='ocrx_word' id='word_1_233' title='bbox 1627 1865 1685 1871; x_wconf 91' lang='lat'>—</span> <span class='ocrx_word' id='word_1_234' title='bbox 1709 1838 1889 1898; x_wconf 90' lang='lat' dir='ltr'>sidera).</span> <span class='ocrx_word' id='word_1_235' title='bbox 1958 1841 1981 1899; x_wconf 55' lang='grc' dir='ltr'><strong>ἕ</strong></span> <span class='ocrx_word' id='word_1_236' title='bbox 2007 1852 2065 1896; x_wconf 86' lang='lat'>34</span> <span class='ocrx_word' id='word_1_237' title='bbox 2084 1855 2094 1883; x_wconf 75' lang='grc' dir='ltr'><em>τ</em></span> 
     </span>
     <span class='ocr_line' id='line_1_23' title="bbox 167 1908 2093 1971; baseline 0.005 -20"><span class='ocrx_word' id='word_1_238' title='bbox 167 1908 312 1952; x_wconf 90' lang='lat' dir='ltr'>bestie</span> <span class='ocrx_word' id='word_1_239' title='bbox 334 1909 547 1966; x_wconf 89' lang='lat' dir='ltr'>pestifere</span> <span class='ocrx_word' id='word_1_240' title='bbox 564 1911 677 1969; x_wconf 80' lang='lat' dir='ltr'>&lt;for</span> <span class='ocrx_word' id='word_1_241' title='bbox 689 1910 812 1955; x_wconf 89' lang='lat' dir='ltr'>ferae</span> <span class='ocrx_word' id='word_1_242' title='bbox 828 1911 1088 1970; x_wconf 89' lang='lat' dir='ltr'>pessimae).</span> <span class='ocrx_word' id='word_1_243' title='bbox 1157 1913 1209 1971; x_wconf 58' lang='grc' dir='ltr'>ἕξ</span> <span class='ocrx_word' id='word_1_244' title='bbox 1236 1923 1370 1969; x_wconf 83' lang='lat'>34-35</span> <span class='ocrx_word' id='word_1_245' title='bbox 1394 1929 1402 1956; x_wconf 74' lang='grc' dir='ltr'><em>τ</em></span> <span class='ocrx_word' id='word_1_246' title='bbox 1438 1928 1523 1957; x_wconf 84' lang='lat' dir='ltr'>om.</span> <span class='ocrx_word' id='word_1_247' title='bbox 1545 1922 1591 1958; x_wconf 88' lang='lat' dir='ltr'>et</span> <span class='ocrx_word' id='word_1_248' title='bbox 1608 1914 1666 1958; x_wconf 91' lang='lat' dir='ltr'>de</span> <span class='ocrx_word' id='word_1_249' title='bbox 1684 1922 1778 1958; x_wconf 91' lang='lat' dir='ltr'>tam</span> <span class='ocrx_word' id='word_1_250' title='bbox 1801 1941 1858 1947; x_wconf 93' lang='lat'><strong>—</strong></span> <span class='ocrx_word' id='word_1_251' title='bbox 1882 1915 2093 1960; x_wconf 90' lang='lat' dir='ltr'>servavit.</span> 
     </span>
     <span class='ocr_line' id='line_1_24' title="bbox 169 1985 2095 2049; baseline 0.004 -22"><span class='ocrx_word' id='word_1_252' title='bbox 169 1985 244 2028; x_wconf 92' lang='lat' dir='ltr'>Et.</span> <span class='ocrx_word' id='word_1_253' title='bbox 313 1986 336 2043; x_wconf 57' lang='grc' dir='ltr'>ἓ</span> <span class='ocrx_word' id='word_1_254' title='bbox 362 1994 416 2041; x_wconf 82' lang='grc'>35</span> <span class='ocrx_word' id='word_1_255' title='bbox 438 2000 446 2028; x_wconf 84' lang='grc'>;</span> <span class='ocrx_word' id='word_1_256' title='bbox 471 1985 623 2029; x_wconf 90' lang='lat' dir='ltr'>hostia</span> <span class='ocrx_word' id='word_1_257' title='bbox 639 1985 811 2031; x_wconf 87' lang='lat' dir='ltr'>intrans</span> <span class='ocrx_word' id='word_1_258' title='bbox 837 1987 1155 2047; x_wconf 76' lang='lat' dir='ltr'>(forostiatim</span> <span class='ocrx_word' id='word_1_259' title='bbox 1173 1987 1398 2047; x_wconf 88' lang='lat' dir='ltr'>victitans)</span> <span class='ocrx_word' id='word_1_260' title='bbox 1418 2005 1426 2033; x_wconf 80' lang='lat' dir='ltr'><em>z</em></span> <span class='ocrx_word' id='word_1_261' title='bbox 1452 1989 1690 2034; x_wconf 87' lang='lat' dir='ltr'>carnaliter</span> <span class='ocrx_word' id='word_1_262' title='bbox 1706 1992 1818 2049; x_wconf 88' lang='lat' dir='ltr'>(for</span> <span class='ocrx_word' id='word_1_263' title='bbox 1834 1990 2095 2048; x_wconf 89' lang='lat' dir='ltr'>curialiter).</span> 
     </span>
     <span class='ocr_line' id='line_1_25' title="bbox 171 2061 1806 2122; baseline 0.004 -19"><span class='ocrx_word' id='word_1_264' title='bbox 171 2063 194 2121; x_wconf 60' lang='grc' dir='ltr'>ξ</span> <span class='ocrx_word' id='word_1_265' title='bbox 220 2061 277 2116; x_wconf 84' lang='grc'>36</span> <span class='ocrx_word' id='word_1_266' title='bbox 299 2075 308 2104; x_wconf 89' lang='lat'>:</span> <span class='ocrx_word' id='word_1_267' title='bbox 344 2075 581 2117; x_wconf 90' lang='lat' dir='ltr'>nunquam</span> <span class='ocrx_word' id='word_1_268' title='bbox 605 2071 706 2118; x_wconf 89' lang='lat' dir='ltr'>post</span> <span class='ocrx_word' id='word_1_269' title='bbox 728 2077 834 2107; x_wconf 90' lang='lat' dir='ltr'>eum</span> <span class='ocrx_word' id='word_1_270' title='bbox 858 2065 929 2107; x_wconf 92' lang='lat' dir='ltr'>vel</span> <span class='ocrx_word' id='word_1_271' title='bbox 954 2073 1109 2108; x_wconf 90' lang='lat' dir='ltr'>contra</span> <span class='ocrx_word' id='word_1_272' title='bbox 1131 2079 1236 2108; x_wconf 89' lang='lat' dir='ltr'>eum</span> <span class='ocrx_word' id='word_1_273' title='bbox 1262 2064 1427 2122; x_wconf 89' lang='lat' dir='ltr'>aliquis</span> <span class='ocrx_word' id='word_1_274' title='bbox 1452 2065 1575 2110; x_wconf 88' lang='lat' dir='ltr'>canis</span> <span class='ocrx_word' id='word_1_275' title='bbox 1598 2067 1806 2111; x_wconf 89' lang='lat' dir='ltr'>latrabat.</span> 
     </span>
    </p>
   </div>
   <div class='ocr_carea' id='block_1_6' title="bbox 159 2152 2104 2406">
    <p class='ocr_par' dir='ltr' id='par_1_7' title="bbox 159 2152 2104 2406">
     <span class='ocr_line' id='line_1_26' title="bbox 282 2152 2104 2223; baseline 0.003 -19"><span class='ocrx_word' id='word_1_276' title='bbox 282 2152 336 2219; x_wconf 87' lang='lat' dir='ltr'>(f.</span> <span class='ocrx_word' id='word_1_277' title='bbox 388 2155 532 2221; x_wconf 61' lang='lat'>1041)</span> <span class='ocrx_word' id='word_1_278' title='bbox 586 2155 653 2205; x_wconf 91' lang='lat' dir='ltr'><em>H</em></span> <span class='ocrx_word' id='word_1_279' title='bbox 651 2155 700 2205; x_wconf 78' lang='lat' dir='ltr'>ic</span> <span class='ocrx_word' id='word_1_280' title='bbox 736 2165 1096 2223; x_wconf 72' lang='lat' dir='ltr'>consequenter</span> <span class='ocrx_word' id='word_1_281' title='bbox 1129 2157 1413 2208; x_wconf 80' lang='lat' dir='ltr'>secundum</span> <span class='ocrx_word' id='word_1_282' title='bbox 1454 2175 1639 2209; x_wconf 85' lang='lat' dir='ltr'>verum</span> <span class='ocrx_word' id='word_1_283' title='bbox 1680 2159 1919 2210; x_wconf 79' lang='lat' dir='ltr'>ordinem</span> <span class='ocrx_word' id='word_1_284' title='bbox 1959 2159 2104 2210; x_wconf 82' lang='lat' dir='ltr'>debet</span> 
     </span>
     <span class='ocr_line' id='line_1_27' title="bbox 159 2243 2097 2314; baseline 0.004 -23"><span class='ocrx_word' id='word_1_285' title='bbox 159 2243 290 2308; x_wconf 73' lang='lat' dir='ltr'>poni</span> <span class='ocrx_word' id='word_1_286' title='bbox 330 2243 471 2309; x_wconf 80' lang='lat' dir='ltr'><em>quod</em></span> <span class='ocrx_word' id='word_1_287' title='bbox 514 2251 672 2293; x_wconf 80' lang='lat' dir='ltr'>antea</span> <span class='ocrx_word' id='word_1_288' title='bbox 719 2252 824 2309; x_wconf 75' lang='lat' dir='ltr'>per</span> <span class='ocrx_word' id='word_1_289' title='bbox 857 2253 1061 2310; x_wconf 74' lang='lat' dir='ltr'>parum</span> <span class='ocrx_word' id='word_1_290' title='bbox 1101 2246 1336 2311; x_wconf 75' lang='lat' dir='ltr'>positum</span> <span class='ocrx_word' id='word_1_291' title='bbox 1388 2264 1478 2297; x_wconf 79' lang='lat' dir='ltr'>seu</span> <span class='ocrx_word' id='word_1_292' title='bbox 1524 2248 1782 2314; x_wconf 59' lang='lat' dir='ltr'>„cereptum</span> <span class='ocrx_word' id='word_1_293' title='bbox 1835 2257 1925 2310; x_wconf 86' lang='lat' dir='ltr'>est,</span> <span class='ocrx_word' id='word_1_294' title='bbox 1982 2249 2097 2301; x_wconf 81' lang='lat' dir='ltr'>scil.</span> 
     </span>
     <span class='ocr_line' id='line_1_28' title="bbox 174 2331 2101 2406; baseline 0.004 -23"><span class='ocrx_word' id='word_1_295' title='bbox 174 2331 308 2384; x_wconf 83' lang='lat' dir='ltr'>Cum</span> <span class='ocrx_word' id='word_1_296' title='bbox 352 2341 567 2384; x_wconf 84' lang='lat' dir='ltr'>sanctus</span> <span class='ocrx_word' id='word_1_297' title='bbox 610 2333 928 2385; x_wconf 80' lang='lat' dir='ltr'>Franciscus</span> <span class='ocrx_word' id='word_1_298' title='bbox 976 2336 1139 2387; x_wconf 80' lang='lat' dir='ltr'>semel</span> <span class='ocrx_word' id='word_1_299' title='bbox 1173 2336 1235 2387; x_wconf 85' lang='lat' dir='ltr'>de</span> <span class='ocrx_word' id='word_1_300' title='bbox 1274 2345 1411 2388; x_wconf 83' lang='lat' dir='ltr'>nocte</span> <span class='ocrx_word' id='word_1_301' title='bbox 1449 2346 1639 2401; x_wconf 85' lang='lat' dir='ltr'>oraret,</span> <span class='ocrx_word' id='word_1_302' title='bbox 1682 2346 1781 2389; x_wconf 86' lang='lat' dir='ltr'>ete.</span> <span class='ocrx_word' id='word_1_303' title='bbox 1863 2339 2101 2406; x_wconf 87' lang='lat' dir='ltr'>Respice</span> 
     </span>
    </p>
   </div>
   <div class='ocr_carea' id='block_1_7' title="bbox 169 2420 1203 2625">
    <p class='ocr_par' dir='ltr' id='par_1_8' title="bbox 169 2420 1203 2625">
     <span class='ocr_line' id='line_1_29' title="bbox 169 2420 785 2489; baseline 0.003 -17"><span class='ocrx_word' id='word_1_304' title='bbox 169 2421 238 2473; x_wconf 90' lang='lat' dir='ltr'>ad</span> <span class='ocrx_word' id='word_1_305' title='bbox 279 2421 380 2473; x_wconf 91' lang='lat' dir='ltr'>hoc</span> <span class='ocrx_word' id='word_1_306' title='bbox 421 2423 640 2489; x_wconf 86' lang='lat' dir='ltr'>signum</span> <span class='ocrx_word' id='word_1_307' title='bbox 666 2420 785 2478; x_wconf 69' lang='grc' dir='ltr'><strong>Ε-’.Ῑ</strong></span> 
     </span>
     <span class='ocr_line' id='line_1_30' title="bbox 1069 2557 1203 2625; baseline 0 -17"><span class='ocrx_word' id='word_1_308' title='bbox 1069 2557 1203 2625; x_wconf 85' lang='lat'>[111]</span> 
     </span>
    </p>
   </div>
   <div class='ocr_carea' id='block_1_8' title="bbox 83 2666 2446 2828">
    <p class='ocr_par' dir='ltr' id='par_1_9' title="bbox 83 2666 2446 2828">
     <span class='ocr_line' id='line_1_31' title="bbox 83 2666 2446 2749; baseline 0.003 -26"><span class='ocrx_word' id='word_1_309' title='bbox 83 2674 144 2724; x_wconf 87' lang='lat'>81</span> <span class='ocrx_word' id='word_1_310' title='bbox 285 2671 339 2738; x_wconf 90' lang='lat' dir='ltr'>(f.</span> <span class='ocrx_word' id='word_1_311' title='bbox 375 2674 522 2740; x_wconf 61' lang='lat'>1041)</span> <span class='ocrx_word' id='word_1_312' title='bbox 561 2672 769 2739; x_wconf 81' lang='lat' dir='ltr'>Aliqua</span> <span class='ocrx_word' id='word_1_313' title='bbox 796 2675 1030 2740; x_wconf 79' lang='lat' dir='ltr'>exempla</span> <span class='ocrx_word' id='word_1_314' title='bbox 1057 2675 1119 2725; x_wconf 86' lang='lat' dir='ltr'>de</span> <span class='ocrx_word' id='word_1_315' title='bbox 1143 2676 1258 2725; x_wconf 79' lang='lat' dir='ltr'>vita</span> <span class='ocrx_word' id='word_1_316' title='bbox 1285 2676 1426 2727; x_wconf 75' lang='lat' dir='ltr'>beati</span> <span class='ocrx_word' id='word_1_317' title='bbox 1436 2677 1614 2742; x_wconf 68' lang='lat' dir='ltr'>patris</span> <span class='ocrx_word' id='word_1_318' title='bbox 1639 2678 1807 2729; x_wconf 78' lang='lat' dir='ltr'>nostri</span> <span class='ocrx_word' id='word_1_319' title='bbox 1829 2677 2240 2749; x_wconf 76' lang='lat' dir='ltr'>Francz‘scz’spec.</span> <span class='ocrx_word' id='word_1_320' title='bbox 2263 2691 2378 2740; x_wconf 70' lang='lat' dir='ltr'>Pers„</span> <span class='ocrx_word' id='word_1_321' title='bbox 2401 2666 2446 2730; x_wconf 52' lang='lat'>1.</span> 
     </span>
     <span class='ocr_line' id='line_1_32' title="bbox 172 2761 653 2828; baseline 0.004 -17"><span class='ocrx_word' id='word_1_322' title='bbox 172 2769 222 2812; x_wconf 84' lang='lat' dir='ltr'>et</span> <span class='ocrx_word' id='word_1_323' title='bbox 243 2761 498 2812; x_wconf 81' lang='lat' dir='ltr'>sociorum</span> <span class='ocrx_word' id='word_1_324' title='bbox 528 2763 653 2828; x_wconf 79' lang='lat' dir='ltr'>ejus,</span> 
     </span>
    </p>
   </div>
   <div class='ocr_carea' id='block_1_9' title="bbox 173 2850 2108 3013">
    <p class='ocr_par' dir='ltr' id='par_1_10' title="bbox 173 2850 2108 3013">
     <span class='ocr_line' id='line_1_33' title="bbox 290 2850 2108 2913; baseline 0.004 -13"><span class='ocrx_word' id='word_1_325' title='bbox 290 2850 532 2913; x_wconf 74' lang='lat' dir='ltr'>Qualiter</span> <span class='ocrx_word' id='word_1_326' title='bbox 573 2853 753 2903; x_wconf 75' lang='lat' dir='ltr'>beatas</span> <span class='ocrx_word' id='word_1_327' title='bbox 808 2853 1119 2905; x_wconf 77' lang='lat' dir='ltr'>Franciscus</span> <span class='ocrx_word' id='word_1_328' title='bbox 1169 2855 1463 2906; x_wconf 78' lang='lat' dir='ltr'>declaravit</span> <span class='ocrx_word' id='word_1_329' title='bbox 1513 2857 1848 2908; x_wconf 76' lang='lat' dir='ltr'>intentionem</span> <span class='ocrx_word' id='word_1_330' title='bbox 1905 2855 2108 2909; x_wconf 78' lang='lat' dir='ltr'>Clzrz‘stz‘</span> 
     </span>
     <span class='ocr_line' id='line_1_34' title="bbox 173 2940 1973 3013; baseline 0.004 -22"><span class='ocrx_word' id='word_1_331' title='bbox 173 2941 310 2992; x_wconf 78' lang='lat' dir='ltr'>circa</span> <span class='ocrx_word' id='word_1_332' title='bbox 354 2940 760 2993; x_wconf 81' lang='lat' dir='ltr'>observationem</span> <span class='ocrx_word' id='word_1_333' title='bbox 807 2944 998 3010; x_wconf 79' lang='lat' dir='ltr'>regule,</span> <span class='ocrx_word' id='word_1_334' title='bbox 1045 2953 1095 2994; x_wconf 88' lang='lat' dir='ltr'>et</span> <span class='ocrx_word' id='word_1_335' title='bbox 1137 2946 1384 3012; x_wconf 79' lang='lat' dir='ltr'>quomodo</span> <span class='ocrx_word' id='word_1_336' title='bbox 1409 2947 1553 3010; x_wconf 81' lang='lat' dir='ltr'>fecit</span> <span class='ocrx_word' id='word_1_337' title='bbox 1596 2955 1700 2997; x_wconf 86' lang='lat' dir='ltr'>tres</span> <span class='ocrx_word' id='word_1_338' title='bbox 1746 2948 1973 3013; x_wconf 77' lang='lat' dir='ltr'>regulas,</span> 
     </span>
    </p>
   </div>
   <div class='ocr_carea' id='block_1_10' title="bbox 2440 2838 2447 2884">
    <p class='ocr_par' dir='ltr' id='par_1_11' title="bbox 2440 2838 2447 2884">
     <span class='ocr_line' id='line_1_35' title="bbox 2440 2838 2447 2884; baseline 0 0"><span class='ocrx_word' id='word_1_339' title='bbox 2440 2838 2447 2884; x_wconf 64' lang='grc' dir='ltr'>ἶ</span> 
     </span>
    </p>
   </div>
   <div class='ocr_carea' id='block_1_11' title="bbox 175 3108 2099 3297">
    <p class='ocr_par' dir='ltr' id='par_1_12' title="bbox 175 3108 2099 3297">
     <span class='ocr_line' id='line_1_36' title="bbox 186 3108 2099 3213; baseline 0.002 -21"><span class='ocrx_word' id='word_1_340' title='bbox 186 3108 537 3209; x_wconf 75' lang='lat' dir='ltr'>BEATUS</span> <span class='ocrx_word' id='word_1_341' title='bbox 581 3142 898 3194; x_wconf 89' lang='lat' dir='ltr'>Franciscus</span> <span class='ocrx_word' id='word_1_342' title='bbox 947 3144 1074 3194; x_wconf 85' lang='lat' dir='ltr'>fecit</span> <span class='ocrx_word' id='word_1_343' title='bbox 1103 3143 1318 3213; x_wconf 76' lang='lat' dir='ltr'>(duas)2</span> <span class='ocrx_word' id='word_1_344' title='bbox 1360 3146 1574 3212; x_wconf 86' lang='lat' dir='ltr'>regulas</span> <span class='ocrx_word' id='word_1_345' title='bbox 1613 3176 1760 3184; x_wconf 83' lang='lat'>——-</span> <span class='ocrx_word' id='word_1_346' title='bbox 1803 3146 1977 3197; x_wconf 91' lang='lat' dir='ltr'>territi</span> <span class='ocrx_word' id='word_1_347' title='bbox 2025 3163 2099 3196; x_wconf 89' lang='lat' dir='ltr'>re-</span> 
     </span>
     <span class='ocr_line' id='line_1_37' title="bbox 175 3253 465 3297; baseline 0.01 -4"><span class='ocrx_word' id='word_1_348' title='bbox 175 3253 465 3297; x_wconf 87' lang='lat' dir='ltr'>cesserunt.</span> 
     </span>
    </p>
   </div>
   <div class='ocr_carea' id='block_1_12' title="bbox 175 3346 2110 3479">
    <p class='ocr_par' dir='ltr' id='par_1_13' title="bbox 175 3346 2110 3479">
     <span class='ocr_line' id='line_1_38' title="bbox 271 3346 2110 3406; baseline 0.002 -18"><span class='ocrx_word' id='word_1_349' title='bbox 271 3346 320 3388; x_wconf 89' lang='lat' dir='ltr'>P.</span> <span class='ocrx_word' id='word_1_350' title='bbox 361 3358 397 3399; x_wconf 87' lang='lat'>1,</span> <span class='ocrx_word' id='word_1_351' title='bbox 432 3347 457 3389; x_wconf 89' lang='lat' dir='ltr'>l.</span> <span class='ocrx_word' id='word_1_352' title='bbox 502 3359 585 3390; x_wconf 90' lang='lat'>10:</span> <span class='ocrx_word' id='word_1_353' title='bbox 624 3347 747 3390; x_wconf 91' lang='lat' dir='ltr'>illam</span> <span class='ocrx_word' id='word_1_354' title='bbox 780 3346 989 3391; x_wconf 88' lang='lat' dir='ltr'>eandem.</span> <span class='ocrx_word' id='word_1_355' title='bbox 1058 3350 1104 3392; x_wconf 89' lang='lat' dir='ltr'>P.</span> <span class='ocrx_word' id='word_1_356' title='bbox 1141 3362 1181 3404; x_wconf 87' lang='lat'>2,</span> <span class='ocrx_word' id='word_1_357' title='bbox 1207 3351 1233 3392; x_wconf 94' lang='lat' dir='ltr'>l.</span> <span class='ocrx_word' id='word_1_358' title='bbox 1276 3363 1326 3393; x_wconf 94' lang='lat'>1:</span> <span class='ocrx_word' id='word_1_359' title='bbox 1362 3364 1503 3406; x_wconf 88' lang='lat' dir='ltr'>quam</span> <span class='ocrx_word' id='word_1_360' title='bbox 1537 3350 1734 3394; x_wconf 87' lang='lat' dir='ltr'>fecerat:</span> <span class='ocrx_word' id='word_1_361' title='bbox 1771 3351 1796 3392; x_wconf 94' lang='lat' dir='ltr'>l.</span> <span class='ocrx_word' id='word_1_362' title='bbox 1823 3350 1877 3393; x_wconf 84' lang='lat'>8:</span> <span class='ocrx_word' id='word_1_363' title='bbox 1914 3348 1975 3393; x_wconf 90' lang='lat' dir='ltr'>ita</span> <span class='ocrx_word' id='word_1_364' title='bbox 2009 3350 2110 3406; x_wconf 82' lang='lat' dir='ltr'>(for</span> 
     </span>
     <span class='ocr_line' id='line_1_39' title="bbox 175 3419 2102 3479; baseline 0.002 -17"><span class='ocrx_word' id='word_1_365' title='bbox 175 3419 318 3463; x_wconf 89' lang='lat' dir='ltr'>nimis.</span> <span class='ocrx_word' id='word_1_366' title='bbox 387 3423 434 3464; x_wconf 92' lang='lat' dir='ltr'>P.</span> <span class='ocrx_word' id='word_1_367' title='bbox 472 3435 511 3477; x_wconf 86' lang='lat'>3,</span> <span class='ocrx_word' id='word_1_368' title='bbox 547 3423 573 3465; x_wconf 88' lang='lat'>1.</span> <span class='ocrx_word' id='word_1_369' title='bbox 615 3435 665 3465; x_wconf 91' lang='lat'>1:</span> <span class='ocrx_word' id='word_1_370' title='bbox 707 3421 870 3466; x_wconf 89' lang='lat' dir='ltr'>timens</span> <span class='ocrx_word' id='word_1_371' title='bbox 909 3423 1252 3479; x_wconf 89' lang='lat' dir='ltr'>responsionem</span> <span class='ocrx_word' id='word_1_372' title='bbox 1287 3423 1408 3469; x_wconf 87' lang='lat' dir='ltr'>beati</span> <span class='ocrx_word' id='word_1_373' title='bbox 1445 3424 1689 3469; x_wconf 88' lang='lat' dir='ltr'>Francisci.</span> <span class='ocrx_word' id='word_1_374' title='bbox 1757 3427 1889 3467; x_wconf 91' lang='lat' dir='ltr'>Tunc</span> <span class='ocrx_word' id='word_1_375' title='bbox 1920 3423 2005 3467; x_wconf 90' lang='lat' dir='ltr'>illis</span> <span class='ocrx_word' id='word_1_376' title='bbox 2038 3422 2102 3465; x_wconf 91' lang='lat' dir='ltr'>in-</span> 
     </span>
    </p>
   </div>
   <div class='ocr_carea' id='block_1_13' title="bbox 2440 2155 2449 3512">
    <p class='ocr_par' dir='ltr' id='par_1_14' title="bbox 2440 2155 2449 3512">
     <span class='ocr_line' id='line_1_40' title="bbox 2440 2155 2449 3512; baseline 0 0"><span class='ocrx_word' id='word_1_377' title='bbox 2440 2155 2449 3512; x_wconf 95' lang='lat' dir='ltr'> </span> 
     </span>
    </p>
   </div>
   <div class='ocr_carea' id='block_1_14' title="bbox 411 3522 1889 3575">
    <p class='ocr_par' dir='ltr' id='par_1_15' title="bbox 411 3522 1889 3575">
     <span class='ocr_line' id='line_1_41' title="bbox 411 3522 1889 3575; baseline 0.001 -13"><span class='ocrx_word' id='word_1_378' title='bbox 411 3522 425 3546; x_wconf 78' lang='lat'>1</span> <span class='ocrx_word' id='word_1_379' title='bbox 445 3524 525 3563; x_wconf 89' lang='lat' dir='ltr'>See</span> <span class='ocrx_word' id='word_1_380' title='bbox 544 3523 691 3572; x_wconf 86' lang='lat' dir='ltr'>above,</span> <span class='ocrx_word' id='word_1_381' title='bbox 712 3538 752 3575; x_wconf 87' lang='lat' dir='ltr'>p.</span> <span class='ocrx_word' id='word_1_382' title='bbox 773 3536 838 3563; x_wconf 88' lang='lat'>22.</span> <span class='ocrx_word' id='word_1_383' title='bbox 1228 3526 1244 3550; x_wconf 88' lang='lat'>2</span> <span class='ocrx_word' id='word_1_384' title='bbox 1258 3526 1377 3575; x_wconf 90' lang='lat' dir='ltr'>duas,</span> <span class='ocrx_word' id='word_1_385' title='bbox 1400 3529 1573 3566; x_wconf 77' lang='lat' dir='ltr'>written</span> <span class='ocrx_word' id='word_1_386' title='bbox 1593 3540 1690 3567; x_wconf 83' lang='lat' dir='ltr'>over</span> <span class='ocrx_word' id='word_1_387' title='bbox 1707 3538 1889 3566; x_wconf 80' lang='lat' dir='ltr'>erasure.</span> 
     </span>
    </p>
   </div>
  </div>
 </body>
</html>
