2449 3927
312 187 749 241 FORMERLY
793 187 874 237 IN
918 185 1082 236 THE
1126 181 1527 236 PHILLIPPS
1573 180 1924 232 LIBRARY
2016 195 2079 230 01

2018 226 2044 244 A

157 341 293 408 pitio
335 340 647 407 precludere
687 340 787 390 sibi
827 340 1013 399 vitam,
1054 353 1179 387 cum
1222 321 1425 401 vorago
1467 332 1698 400 pavendi
1738 332 1957 383 inferius
1997 331 2089 382 de-

157 448 320 497 super
340 430 724 497 aspicientibus
747 436 1046 496 appareret,
1070 444 1170 477 nec
1187 425 1382 491 aliquis
1403 424 1662 474 transitus
1690 422 1818 472 inde
1845 429 2002 483 esset,
2035 439 2093 471 se

157 522 396 587 proicere
437 536 548 571 non
591 518 842 570 audebat.
924 517 1176 582 Cumque
1202 515 1444 565 hesitans
1487 513 1620 563 nulli
1651 513 1898 578 loquenti
1940 511 2092 561 daret

159 627 500 677 responsum,
549 626 646 659 nec
691 609 857 659 etiam
899 606 1216 675 precipienti
1263 611 1532 671 quatenus
1580 601 1843 662 obediret,
1893 602 2093 651 virtute

159 700 343 751 divina
385 700 567 750 subito
607 706 767 749 extra
808 698 1173 748 munitionem
1215 702 1463 761 portatus
1502 693 1700 759 reperit
1741 709 1797 741 se
1838 691 1893 740 in
1933 698 2087 741 terra.

157 791 399 841 Domina
426 790 604 855 igitur,
639 789 714 839 rei
743 790 974 839 veritate
1014 793 1310 851 comperta,
1354 784 1671 851 ymaginem
1715 782 1838 832 fecit
1878 797 2089 831 ceream

154 881 318 946 juxta
346 878 493 946 quod
520 886 746 929 voverat
775 885 1092 929 reverenter.
1173 875 1451 925 Dominus
1493 880 1676 923 autem
1724 872 1900 921 insule
1940 870 2095 932 illius,

160 969 379 1021 credens
408 969 509 1018 hoc
539 966 668 1018 dolo
695 968 881 1034 aliquo
911 968 1092 1033 potius
1120 982 1287 1032 quam
1329 963 1376 1014 b.
1410 963 1678 1013 Francisci
1722 960 1929 1011 meritis
1968 977 2095 1010 con-

160 1061 360 1126 tigisse,
402 1058 534 1109 dum
580 1065 748 1108 staret
789 1057 1026 1124 quadam
1056 1055 1144 1106 die
1185 1057 1239 1105 in
1269 1053 1508 1113 ecclesia,
1539 1069 1659 1102 crus
1702 1050 1833 1100 illud
1861 1067 2091 1111 cereum,

159 1148 308 1216 quod
336 1165 517 1199 coram
560 1164 737 1214 ycona
765 1147 812 1199 b.
845 1147 1117 1198 Francisci
1147 1143 1437 1212 pendebat,
1479 1141 1672 1192 baculo
1712 1157 1877 1207 quem
1921 1148 2100 1206 gesta-

161 1239 255 1290 bat
284 1239 337 1290 in
368 1254 533 1288 manu
564 1238 870 1304 percutiens
891 1239 936 1288 :1
980 1237 1140 1298 Ecce,
1168 1235 1362 1301 inquit,
1386 1231 1726 1283 mendacium
1749 1231 1796 1282 b.
1825 1230 2097 1280 Francisci

162 1328 437 1379 miraculis
485 1327 820 1379 attributum.
932 1326 1104 1379 Cuius
1157 1324 1562 1375 irreverentiam
1606 1321 1787 1371 divina
1835 1327 1917 1370 est
1963 1319 2099 1370 ultio

162 1420 465 1470 subsecuta.
570 1417 716 1469 Nam
781 1417 1105 1484 gravissima
1172 1414 1456 1465 infirmitas
1511 1414 1690 1478 ipsum
1745 1411 1985 1476 arripuit,
2043 1417 2097 1460 et

159 1510 382 1560 vexatio
436 1507 572 1558 dans
627 1507 968 1558 intellectum
1023 1504 1229 1557 auditui
1284 1505 1466 1570 ipsum
1534 1501 1803 1568 compulit
1855 1499 2098 1550 confiteri

162 1599 406 1650 miraculi
447 1598 755 1648 veritatem.

41 1724 142 1777 172
274 1688 328 1756 (f.
361 1691 512 1767 12—7V)
559 1687 806 1750 Qualiter
822 1686 1040 1753 quidam
1044 1684 1362 1752 peregrinus
1383 1682 1658 1733 invalidus
1664 1680 1877 1747 petebat
1901 1697 2099 1746 aquam
2118 1702 2296 1749 Celano,
2319 1701 2418 1740 Mir-

162 1797 196 1829 a
222 1787 402 1829 sancto
430 1777 720 1829 Francz'sca
2117 1755 2254 1802 acula,
2276 1757 2327 1795 82

277 1868 516 1936 Quidem
561 1867 674 1935 (sic)
716 1867 1029 1934 peregrinus
1070 1863 1339 1916 invalidus
1369 1879 1606 1929 corpore,
1634 1878 1732 1912 nec
1759 1860 1898 1911 bene
1939 1875 2101 1910 sanus
2120 1809 2433 1913 ffiffisshlggix'ffi

165 1968 363 2021 mente,
393 1959 565 2009 fuerat
592 1960 738 2009 enim
772 1958 1059 2008 freneticus
1098 1986 1170 1992 ——
1214 1954 1478 2005 miraculo
1501 1952 1896 2003 confortarunt.
2119 1918 2173 1970 ²)'

277 2050 330 2118 (f.
365 2064 426 2100 12
435 2051 516 2117 7v)
561 2048 808 2112 Qualiter
825 2047 866 2099 b.
893 2046 1210 2097 Franciscus
1230 2042 1672 2111 appropinquavit
1689 2042 1852 2092 eidem
1875 2040 2101 2108 infirmo,

276 2139 405 2191 Alia
445 2147 630 2190 autem
674 2138 762 2188 die
803 2154 928 2188 cum
973 2136 1195 2187 suborta
1237 2140 1561 2200 tempestate
1599 2162 1671 2169 —
1716 2131 1993 2181 restitutus
2022 2136 2105 2179 est

164 2230 430 2297 sospitati.

43 2091 142 2146 173

280 2353 448 2409 (These
493 2357 588 2396 two
621 2352 835 2408 chapters
872 2350 1159 2406 correspond,
1195 2348 1312 2392 with
1352 2348 1511 2391 minor
1541 2346 1816 2401 differentes,
1851 2348 1896 2386 to
1930 2342 2104 2385 Celano

169 2429 411 2484 Miracula,
438 2429 532 2485 82.)

47 2567 150 2620 174
279 2542 332 2608 (f.
391 2542 536 2608 128¹)
582 2539 824 2603 Qualiter
847 2539 889 2591 b.
934 2538 1250 2588 Franciscus
1284 2535 1534 2587 liberavit
1569 2534 1832 2602 quendam
1862 2532 2101 2596 fratrem
2120 2553 2295 2601 Celano,
2321 2553 2436 2602 Mir„

2116 2610 2192 2658 833
2213 2609 2340 2656 Bon„
2356 2608 2428 2657 iv„

167 2631 262 2698 qui
300 2630 734 2698 submergebatur
773 2629 829 2679 in
868 2628 1105 2696 quadam
1152 2626 1416 2679 navicula.
2122 2675 2160 2712 3·

283 2719 537 2786 Quadam
585 2719 672 2770 die
703 2736 837 2770 scum
877 2717 1101 2784 quidam
1134 2715 1294 2766 frater
1314 2732 1451 2766 nave
1491 2715 1660 2765 veteri
1711 2713 1863 2763 Reat'
1902 2710 2106 2762 flumen

170 2809 553 2862 transnadaret
581 2809 695 2877 (sic)
736 2838 806 2846 —
847 2825 946 2858 nec
969 2805 1383 2858 madefactionis
1407 2805 1461 2855 in
1485 2822 1551 2855 eo
1573 2801 1797 2869 aliquod
1818 2802 2105 2867 vestigium

170 2901 413 2967 reperire.

287 3002 407 3058 (The
438 3015 575 3045 name
608 2989 658 3055 οἵ
689 3002 764 3044 tlze
782 3002 934 3058 Jrz’ar,
968 3000 1169 3055 Jacobus
1204 2996 1443 3051 Reatinu5‚
1479 2997 1520 3038 is
1547 2996 1694 3053 given
1727 2995 1776 3036 in
1815 2993 1986 3036 Celano
2014 2991 2115 3034 and

173 3079 528 3131 Bonam-ntum,
553 3078 636 3120 but
655 3081 739 3120 not
759 3077 810 3119 in
833 3090 926 3119 our
940 3075 1077 3131 MS.)

53 3212 151 3266 175
287 3184 341 3251 (f.
383 3197 401 3234 Ι
417 3184 528 3249 28¹)
573 3182 821 3244 Qualiter
843 3181 1069 3248 quedam
1095 3179 1289 3230 mulier
1307 3177 1492 3244 incepit
1525 3192 1709 3226 nomen
1734 3173 1911 3224 sancti
1931 3173 2106 3223 Fran-
2127 3177 2304 3224 Gelam,
2326 3175 2438 3238 Mis„

175 3274 301 3325 cisti
321 3274 571 3324 invocare.
2126 3233 2206 3336 {1⁴³
2236 3231 2362 3278 Bon„
2384 3242 2441 3270 W·

289 3362 546 3431 Quadam
577 3361 665 3414 die
693 3361 802 3412 duo
830 3361 1082 3411 homines
1111 3377 1234 3410 cum
1264 3358 1478 3409 duabus
1522 3355 1839 3407 mulieribus
1866 3361 1920 3403 et
1941 3368 2111 3417 puero

177 3454 404 3521 parvulo
432 3462 487 3505 et
515 3469 626 3519 uno
654 3469 784 3502 ense
809 3468 905 3517 per
933 3451 1111 3501 lacum
1143 3450 1440 3500 Reatinum
1483 3445 1731 3497 navicula
1758 3444 2111 3504 vehebantur,

694 3594 709 3618 1
728 3593 892 3633 Celano
911 3604 919 3631 :
952 3593 1051 3631 dum
1073 3604 1238 3631 uxorem
1259 3603 1384 3630 manu
1400 3587 1600 3641 percutit.
