<?xml version="1.0" encoding="UTF-8"?>
<!DOCTYPE html PUBLIC "-//W3C//DTD XHTML 1.0 Transitional//EN"
    "http://www.w3.org/TR/xhtml1/DTD/xhtml1-transitional.dtd">
<html xmlns="http://www.w3.org/1999/xhtml" xml:lang="en" lang="en">
 <head>
  <title>
</title>
<meta http-equiv="Content-Type" content="text/html;charset=utf-8" />
  <meta name='ocr-system' content='tesseract 3.04.00' />
  <meta name='ocr-capabilities' content='ocr_page ocr_carea ocr_par ocr_line ocrx_word'/>
</head>
<body>
  <div class='ocr_page' id='page_1' title='image "./collectaneafranc00litt_0059.png"; bbox 0 0 2449 3927; ppageno 0'>
   <div class='ocr_carea' id='block_1_1' title="bbox 350 167 2127 230">
    <p class='ocr_par' dir='ltr' id='par_1_1' title="bbox 350 167 2127 230">
     <span class='ocr_line' id='line_1_1' title="bbox 350 167 2127 230; baseline -0.002 -10"><span class='ocrx_word' id='word_1_1' title='bbox 350 168 790 220; x_wconf 84' lang='lat' dir='ltr'><strong>FORMERLY</strong></span> <span class='ocrx_word' id='word_1_2' title='bbox 835 167 916 218; x_wconf 87' lang='lat' dir='ltr'><strong>IN</strong></span> <span class='ocrx_word' id='word_1_3' title='bbox 961 167 1127 219; x_wconf 86' lang='lat' dir='ltr'><strong>THE</strong></span> <span class='ocrx_word' id='word_1_4' title='bbox 1170 167 1578 219; x_wconf 84' lang='lat' dir='ltr'>PHILLIPPS</span> <span class='ocrx_word' id='word_1_5' title='bbox 1625 167 1978 219; x_wconf 81' lang='lat' dir='ltr'>LIBRARY</span> <span class='ocrx_word' id='word_1_6' title='bbox 2057 179 2127 230; x_wconf 86' lang='lat'><strong>47</strong></span> 
     </span>
    </p>
   </div>
   <div class='ocr_carea' id='block_1_2' title="bbox 191 318 2131 463">
    <p class='ocr_par' dir='ltr' id='par_1_2' title="bbox 191 318 2131 463">
     <span class='ocr_line' id='line_1_2' title="bbox 191 318 2126 387; baseline -0.002 -15"><span class='ocrx_word' id='word_1_7' title='bbox 191 338 319 372; x_wconf 92' lang='lat' dir='ltr'><strong>eum</strong></span> <span class='ocrx_word' id='word_1_8' title='bbox 377 322 785 387; x_wconf 81' lang='lat' dir='ltr'><strong>interrogarem,</strong></span> <span class='ocrx_word' id='word_1_9' title='bbox 847 320 993 371; x_wconf 86' lang='lat' dir='ltr'>dixit</span> <span class='ocrx_word' id='word_1_10' title='bbox 1047 319 1178 370; x_wconf 92' lang='lat' dir='ltr'><strong>mihi</strong></span> <span class='ocrx_word' id='word_1_11' title='bbox 1222 349 1365 356; x_wconf 88' lang='lat'><em>—--—-</em></span> <span class='ocrx_word' id='word_1_12' title='bbox 1409 326 1589 370; x_wconf 86' lang='lat' dir='ltr'><strong>totum</strong></span> <span class='ocrx_word' id='word_1_13' title='bbox 1645 318 1890 370; x_wconf 89' lang='lat' dir='ltr'><strong>divinum</strong></span> <span class='ocrx_word' id='word_1_14' title='bbox 1946 327 2126 369; x_wconf 90' lang='lat' dir='ltr'><strong>totum</strong></span> 
     </span>
     <span class='ocr_line' id='line_1_3' title="bbox 194 408 2131 463; baseline -0.002 0"><span class='ocrx_word' id='word_1_15' title='bbox 194 420 444 463; x_wconf 87' lang='lat' dir='ltr'><strong>sanctum</strong></span> <span class='ocrx_word' id='word_1_16' title='bbox 474 420 529 462; x_wconf 90' lang='lat' dir='ltr'><strong>et</strong></span> <span class='ocrx_word' id='word_1_17' title='bbox 559 411 778 463; x_wconf 89' lang='lat' dir='ltr'><strong>Christo</strong></span> <span class='ocrx_word' id='word_1_18' title='bbox 806 410 1160 461; x_wconf 80' lang='lat' dir='ltr'><strong>conformem.</strong></span> <span class='ocrx_word' id='word_1_19' title='bbox 1241 409 1338 460; x_wconf 82' lang='lat' dir='ltr'><strong>Ad</strong></span> <span class='ocrx_word' id='word_1_20' title='bbox 1379 409 1597 460; x_wconf 87' lang='lat' dir='ltr'><strong>laudem</strong></span> <span class='ocrx_word' id='word_1_21' title='bbox 1629 408 1845 460; x_wconf 80' lang='lat' dir='ltr'><strong>Christi.</strong></span> <span class='ocrx_word' id='word_1_22' title='bbox 1928 409 2131 460; x_wconf 85' lang='lat' dir='ltr'><strong>Amen.</strong></span> 
     </span>
    </p>
   </div>
   <div class='ocr_carea' id='block_1_3' title="bbox 194 549 2210 2521">
    <p class='ocr_par' dir='ltr' id='par_1_3' title="bbox 194 549 2210 995">
     <span class='ocr_line' id='line_1_4' title="bbox 318 549 2132 610; baseline -0.002 -14"><span class='ocrx_word' id='word_1_23' title='bbox 318 555 362 596; x_wconf 91' lang='grc' dir='ltr'><em>Τ</em></span> <span class='ocrx_word' id='word_1_24' title='bbox 359 555 435 598; x_wconf 73' lang='lat' dir='ltr'><strong>liis</strong></span> <span class='ocrx_word' id='word_1_25' title='bbox 466 555 662 610; x_wconf 68' lang='lat' dir='ltr'><strong>chapter</strong></span> <span class='ocrx_word' id='word_1_26' title='bbox 677 554 977 610; x_wconf 72' lang='lat' dir='ltr'><strong>corresponds</strong></span> <span class='ocrx_word' id='word_1_27' title='bbox 1009 558 1055 596; x_wconf 85' lang='lat' dir='ltr'><strong>to</strong></span> <span class='ocrx_word' id='word_1_28' title='bbox 1090 553 1167 596; x_wconf 64' lang='lat' dir='ltr'><strong>tlte</strong></span> <span class='ocrx_word' id='word_1_29' title='bbox 1179 556 1387 609; x_wconf 70' lang='lat' dir='ltr'><strong>passage</strong></span> <span class='ocrx_word' id='word_1_30' title='bbox 1421 552 1472 594; x_wconf 81' lang='lat' dir='ltr'><strong>in</strong></span> <span class='ocrx_word' id='word_1_31' title='bbox 1506 551 1583 594; x_wconf 68' lang='lat' dir='ltr'><strong>tlte</strong></span> <span class='ocrx_word' id='word_1_32' title='bbox 1620 549 1740 593; x_wconf 90' lang='lat' dir='ltr'><strong>Hist.</strong></span> <span class='ocrx_word' id='word_1_33' title='bbox 1766 550 2132 594; x_wconf 86' lang='lat' dir='ltr'><strong>Tribulationum</strong></span> 
     </span>
     <span class='ocr_line' id='line_1_5' title="bbox 194 627 2136 691; baseline -0.003 -17"><span class='ocrx_word' id='word_1_34' title='bbox 194 633 257 691; x_wconf 84' lang='lat' dir='ltr'><strong>of</strong></span> <span class='ocrx_word' id='word_1_35' title='bbox 278 632 465 689; x_wconf 72' lang='lat' dir='ltr'><strong>Angelo</strong></span> <span class='ocrx_word' id='word_1_36' title='bbox 495 632 557 689; x_wconf 85' lang='lat' dir='ltr'><strong>of</strong></span> <span class='ocrx_word' id='word_1_37' title='bbox 581 630 794 684; x_wconf 81' lang='lat' dir='ltr'><strong>Clareno,</strong></span> <span class='ocrx_word' id='word_1_38' title='bbox 829 628 1003 672; x_wconf 87' lang='lat' dir='ltr'><strong>Archiv</strong></span> <span class='ocrx_word' id='word_1_39' title='bbox 1025 630 1052 673; x_wconf 87' lang='lat' dir='ltr'><strong>f.</strong></span> <span class='ocrx_word' id='word_1_40' title='bbox 1080 631 1127 672; x_wconf 94' lang='lat' dir='ltr'><strong>L.</strong></span> <span class='ocrx_word' id='word_1_41' title='bbox 1152 643 1194 672; x_wconf 91' lang='lat' dir='ltr'><strong>u.</strong></span> <span class='ocrx_word' id='word_1_42' title='bbox 1234 629 1287 672; x_wconf 90' lang='lat' dir='ltr'><strong>K.</strong></span> <span class='ocrx_word' id='word_1_43' title='bbox 1325 628 1510 681; x_wconf 87' lang='lat' dir='ltr'><strong>Gesch.‚</strong></span> <span class='ocrx_word' id='word_1_44' title='bbox 1539 627 1615 680; x_wconf 91' lang='lat'>11.‚</span> <span class='ocrx_word' id='word_1_45' title='bbox 1654 627 1871 681; x_wconf 83' lang='lat'>279-281,</span> <span class='ocrx_word' id='word_1_46' title='bbox 1896 631 2055 683; x_wconf 72' lang='lat' dir='ltr'><strong>except</strong></span> <span class='ocrx_word' id='word_1_47' title='bbox 2087 627 2136 669; x_wconf 84' lang='lat' dir='ltr'><strong>in</strong></span> 
     </span>
     <span class='ocr_line' id='line_1_6' title="bbox 194 701 2210 766; baseline -0.004 -14"><span class='ocrx_word' id='word_1_48' title='bbox 194 710 270 752; x_wconf 79' lang='lat' dir='ltr'><strong>tlze</strong></span> <span class='ocrx_word' id='word_1_49' title='bbox 287 708 547 766; x_wconf 74' lang='lat' dir='ltr'><strong>following</strong></span> <span class='ocrx_word' id='word_1_50' title='bbox 556 708 721 764; x_wconf 71' lang='lat' dir='ltr'><strong>points</strong></span> <span class='ocrx_word' id='word_1_51' title='bbox 743 707 938 763; x_wconf 79' lang='lat' dir='ltr'><strong>&lt;besides</strong></span> <span class='ocrx_word' id='word_1_52' title='bbox 969 707 1235 763; x_wconf 77' lang='lat' dir='ltr'><strong>differences</strong></span> <span class='ocrx_word' id='word_1_53' title='bbox 1268 706 1319 747; x_wconf 82' lang='lat' dir='ltr'><strong>in</strong></span> <span class='ocrx_word' id='word_1_54' title='bbox 1353 705 1431 747; x_wconf 71' lang='lat' dir='ltr'><strong>the</strong></span> <span class='ocrx_word' id='word_1_55' title='bbox 1464 703 1601 746; x_wconf 79' lang='lat' dir='ltr'><strong>order</strong></span> <span class='ocrx_word' id='word_1_56' title='bbox 1626 703 1685 759; x_wconf 83' lang='lat' dir='ltr'><strong>of</strong></span> <span class='ocrx_word' id='word_1_57' title='bbox 1708 702 1880 758; x_wconf 72' lang='lat' dir='ltr'><strong>words)</strong></span> <span class='ocrx_word' id='word_1_58' title='bbox 1898 718 1914 744; x_wconf 92' lang='grc'><strong>.·</strong></span> <span class='ocrx_word' id='word_1_59' title='bbox 1948 701 2135 756; x_wconf 90' lang='lat' dir='ltr'><strong>Archiv,</strong></span> <span class='ocrx_word' id='word_1_60' title='bbox 2208 705 2210 707; x_wconf 79' lang='grc'>’</span> 
     </span>
     <span class='ocr_line' id='line_1_7' title="bbox 195 777 2143 841; baseline -0.004 -13"><span class='ocrx_word' id='word_1_61' title='bbox 195 800 237 841; x_wconf 88' lang='lat' dir='ltr'><strong>p.</strong></span> <span class='ocrx_word' id='word_1_62' title='bbox 266 796 367 840; x_wconf 85' lang='lat'>279,</span> <span class='ocrx_word' id='word_1_63' title='bbox 393 785 420 828; x_wconf 95' lang='lat' dir='ltr'><strong>l.</strong></span> <span class='ocrx_word' id='word_1_64' title='bbox 451 793 515 839; x_wconf 89' lang='lat'><strong>15,</strong></span> <span class='ocrx_word' id='word_1_65' title='bbox 542 797 635 827; x_wconf 81' lang='lat' dir='ltr'><strong>our</strong></span> <span class='ocrx_word' id='word_1_66' title='bbox 650 788 749 826; x_wconf 79' lang='lat' dir='ltr'><strong>text</strong></span> <span class='ocrx_word' id='word_1_67' title='bbox 769 783 857 826; x_wconf 73' lang='lat' dir='ltr'><strong>lias</strong></span> <span class='ocrx_word' id='word_1_68' title='bbox 876 784 994 826; x_wconf 87' lang='lat' dir='ltr'><strong>Cum</strong></span> <span class='ocrx_word' id='word_1_69' title='bbox 1018 784 1128 841; x_wconf 82' lang='lat' dir='ltr'><strong>(for</strong></span> <span class='ocrx_word' id='word_1_70' title='bbox 1148 781 1258 839; x_wconf 91' lang='lat' dir='ltr'><strong>Hic)</strong></span> <span class='ocrx_word' id='word_1_71' title='bbox 1282 797 1293 833; x_wconf 82' lang='lat'><em>3</em></span> <span class='ocrx_word' id='word_1_72' title='bbox 1329 795 1415 824; x_wconf 82' lang='lat' dir='ltr'><strong>om.</strong></span> <span class='ocrx_word' id='word_1_73' title='bbox 1452 779 1511 822; x_wconf 91' lang='lat' dir='ltr'><strong>de</strong></span> <span class='ocrx_word' id='word_1_74' title='bbox 1532 793 1539 821; x_wconf 93' lang='lat'><strong>:</strong></span> <span class='ocrx_word' id='word_1_75' title='bbox 1577 779 1603 820; x_wconf 92' lang='lat' dir='ltr'><strong>l.</strong></span> <span class='ocrx_word' id='word_1_76' title='bbox 1631 789 1703 832; x_wconf 86' lang='lat'><strong>24,</strong></span> <span class='ocrx_word' id='word_1_77' title='bbox 1728 777 2010 834; x_wconf 82' lang='lat' dir='ltr'><strong>precognitio</strong></span> <span class='ocrx_word' id='word_1_78' title='bbox 2033 780 2143 837; x_wconf 88' lang='lat' dir='ltr'><strong>(for</strong></span> 
     </span>
     <span class='ocr_line' id='line_1_8' title="bbox 198 853 2138 917; baseline -0.005 -12"><span class='ocrx_word' id='word_1_79' title='bbox 198 860 451 917; x_wconf 84' lang='lat' dir='ltr'><strong>cognici0):</strong></span> <span class='ocrx_word' id='word_1_80' title='bbox 487 861 514 902; x_wconf 91' lang='lat' dir='ltr'><strong>l.</strong></span> <span class='ocrx_word' id='word_1_81' title='bbox 542 860 612 914; x_wconf 86' lang='lat'><strong>26,</strong></span> <span class='ocrx_word' id='word_1_82' title='bbox 639 873 733 915; x_wconf 91' lang='lat' dir='ltr'><strong>quo</strong></span> <span class='ocrx_word' id='word_1_83' title='bbox 769 859 879 917; x_wconf 79' lang='lat' dir='ltr'><strong>(for</strong></span> <span class='ocrx_word' id='word_1_84' title='bbox 906 859 1109 915; x_wconf 90' lang='lat' dir='ltr'><strong>quando)</strong></span> <span class='ocrx_word' id='word_1_85' title='bbox 1133 874 1142 900; x_wconf 74' lang='grc' dir='ltr'>ε</span> <span class='ocrx_word' id='word_1_86' title='bbox 1178 859 1203 901; x_wconf 93' lang='lat' dir='ltr'><strong>l.</strong></span> <span class='ocrx_word' id='word_1_87' title='bbox 1230 858 1300 912; x_wconf 87' lang='lat'><strong>28,</strong></span> <span class='ocrx_word' id='word_1_88' title='bbox 1328 872 1415 901; x_wconf 85' lang='lat' dir='ltr'><strong>om.</strong></span> <span class='ocrx_word' id='word_1_89' title='bbox 1442 854 1523 899; x_wconf 90' lang='lat' dir='ltr'><strong>tibi</strong></span> <span class='ocrx_word' id='word_1_90' title='bbox 1546 855 1648 898; x_wconf 84' lang='lat' dir='ltr'><strong>and</strong></span> <span class='ocrx_word' id='word_1_91' title='bbox 1673 862 1808 897; x_wconf 87' lang='lat' dir='ltr'><strong>tunc:</strong></span> <span class='ocrx_word' id='word_1_92' title='bbox 1843 855 1869 898; x_wconf 93' lang='lat' dir='ltr'><strong>l.</strong></span> <span class='ocrx_word' id='word_1_93' title='bbox 1906 867 1979 910; x_wconf 85' lang='lat'><strong>30,</strong></span> <span class='ocrx_word' id='word_1_94' title='bbox 2014 853 2138 909; x_wconf 91' lang='lat' dir='ltr'><strong>quod</strong></span> 
     </span>
     <span class='ocr_line' id='line_1_9' title="bbox 203 933 1388 995; baseline -0.003 -15"><span class='ocrx_word' id='word_1_95' title='bbox 203 938 310 995; x_wconf 76' lang='lat' dir='ltr'><strong>(for</strong></span> <span class='ocrx_word' id='word_1_96' title='bbox 327 939 395 992; x_wconf 89' lang='lat' dir='ltr'><strong>ut)</strong></span> <span class='ocrx_word' id='word_1_97' title='bbox 418 951 426 978; x_wconf 75' lang='grc' dir='ltr'>ε</span> <span class='ocrx_word' id='word_1_98' title='bbox 463 937 489 979; x_wconf 89' lang='lat'><strong>1.</strong></span> <span class='ocrx_word' id='word_1_99' title='bbox 516 948 587 991; x_wconf 88' lang='lat'><strong>32,</strong></span> <span class='ocrx_word' id='word_1_100' title='bbox 613 950 701 979; x_wconf 83' lang='lat' dir='ltr'><strong>om.</strong></span> <span class='ocrx_word' id='word_1_101' title='bbox 737 935 891 990; x_wconf 83' lang='lat' dir='ltr'><strong>Quia:</strong></span> <span class='ocrx_word' id='word_1_102' title='bbox 928 936 954 978; x_wconf 92' lang='lat' dir='ltr'><strong>l.</strong></span> <span class='ocrx_word' id='word_1_103' title='bbox 985 948 1056 990; x_wconf 83' lang='lat'><strong>33,</strong></span> <span class='ocrx_word' id='word_1_104' title='bbox 1083 950 1170 978; x_wconf 84' lang='lat' dir='ltr'><strong>om.</strong></span> <span class='ocrx_word' id='word_1_105' title='bbox 1198 933 1310 977; x_wconf 87' lang='lat' dir='ltr'><strong>mira</strong></span> <span class='ocrx_word' id='word_1_106' title='bbox 1331 940 1388 977; x_wconf 89' lang='lat' dir='ltr'><strong>et.</strong></span> 
     </span>
    </p>

    <p class='ocr_par' dir='ltr' id='par_1_4' title="bbox 198 1007 2150 1759">
     <span class='ocr_line' id='line_1_10' title="bbox 321 1007 2137 1070; baseline -0.003 -13"><span class='ocrx_word' id='word_1_107' title='bbox 321 1015 367 1057; x_wconf 93' lang='lat' dir='ltr'><strong>P.</strong></span> <span class='ocrx_word' id='word_1_108' title='bbox 393 1013 496 1067; x_wconf 88' lang='lat'>280,</span> <span class='ocrx_word' id='word_1_109' title='bbox 521 1013 546 1056; x_wconf 88' lang='lat' dir='ltr'><strong>l.</strong></span> <span class='ocrx_word' id='word_1_110' title='bbox 572 1025 612 1066; x_wconf 91' lang='lat'><strong>2,</strong></span> <span class='ocrx_word' id='word_1_111' title='bbox 640 1011 761 1066; x_wconf 84' lang='lat' dir='ltr'><strong>Quia</strong></span> <span class='ocrx_word' id='word_1_112' title='bbox 788 1012 894 1070; x_wconf 82' lang='lat' dir='ltr'><em>(for</em></span> <span class='ocrx_word' id='word_1_113' title='bbox 914 1012 1025 1069; x_wconf 88' lang='lat' dir='ltr'><strong>Qui)</strong></span> <span class='ocrx_word' id='word_1_114' title='bbox 1048 1027 1056 1054; x_wconf 90' lang='lat'><strong>:</strong></span> <span class='ocrx_word' id='word_1_115' title='bbox 1093 1013 1119 1054; x_wconf 92' lang='lat' dir='ltr'><strong>l.</strong></span> <span class='ocrx_word' id='word_1_116' title='bbox 1148 1024 1189 1066; x_wconf 87' lang='lat'><strong>3,</strong></span> <span class='ocrx_word' id='word_1_117' title='bbox 1225 1011 1412 1053; x_wconf 86' lang='lat' dir='ltr'><strong>fuerunt</strong></span> <span class='ocrx_word' id='word_1_118' title='bbox 1449 1008 1556 1065; x_wconf 64' lang='lat' dir='ltr'><strong>&lt;for</strong></span> <span class='ocrx_word' id='word_1_119' title='bbox 1574 1007 1770 1062; x_wconf 82' lang='lat' dir='ltr'><strong>fuerant)</strong></span> <span class='ocrx_word' id='word_1_120' title='bbox 1795 1021 1803 1049; x_wconf 93' lang='lat'><strong>:</strong></span> <span class='ocrx_word' id='word_1_121' title='bbox 1845 1007 1886 1050; x_wconf 90' lang='lat' dir='ltr'><strong>ll.</strong></span> <span class='ocrx_word' id='word_1_122' title='bbox 1926 1007 2014 1063; x_wconf 83' lang='grc'>5-6,</span> <span class='ocrx_word' id='word_1_123' title='bbox 2049 1021 2137 1051; x_wconf 83' lang='lat' dir='ltr'><strong>om.</strong></span> 
     </span>
     <span class='ocr_line' id='line_1_11' title="bbox 200 1083 2136 1146; baseline -0.003 -13"><span class='ocrx_word' id='word_1_124' title='bbox 200 1089 341 1145; x_wconf 89' lang='lat' dir='ltr'><strong>stipes</strong></span> <span class='ocrx_word' id='word_1_125' title='bbox 374 1116 431 1122; x_wconf 90' lang='lat'><strong>—-</strong></span> <span class='ocrx_word' id='word_1_126' title='bbox 465 1089 714 1132; x_wconf 88' lang='lat' dir='ltr'><strong>deaurata:</strong></span> <span class='ocrx_word' id='word_1_127' title='bbox 751 1089 776 1132; x_wconf 93' lang='lat' dir='ltr'><strong>l.</strong></span> <span class='ocrx_word' id='word_1_128' title='bbox 813 1089 853 1143; x_wconf 83' lang='lat'><strong>6,</strong></span> <span class='ocrx_word' id='word_1_129' title='bbox 879 1088 940 1131; x_wconf 89' lang='lat' dir='ltr'><strong>hii</strong></span> <span class='ocrx_word' id='word_1_130' title='bbox 966 1087 1169 1146; x_wconf 82' lang='lat' dir='ltr'><strong>(forii):</strong></span> <span class='ocrx_word' id='word_1_131' title='bbox 1202 1088 1226 1130; x_wconf 96' lang='lat' dir='ltr'><strong>l.</strong></span> <span class='ocrx_word' id='word_1_132' title='bbox 1258 1099 1325 1141; x_wconf 90' lang='grc'><strong>13,</strong></span> <span class='ocrx_word' id='word_1_133' title='bbox 1352 1100 1437 1129; x_wconf 79' lang='lat'><em>0772.</em></span> <span class='ocrx_word' id='word_1_134' title='bbox 1476 1093 1548 1127; x_wconf 90' lang='lat' dir='ltr'><strong>et:</strong></span> <span class='ocrx_word' id='word_1_135' title='bbox 1585 1084 1611 1126; x_wconf 93' lang='lat' dir='ltr'><strong>l.</strong></span> <span class='ocrx_word' id='word_1_136' title='bbox 1643 1095 1711 1137; x_wconf 85' lang='lat'><strong>14,</strong></span> <span class='ocrx_word' id='word_1_137' title='bbox 1746 1083 1839 1125; x_wconf 90' lang='lat' dir='ltr'><strong>hoc</strong></span> <span class='ocrx_word' id='word_1_138' title='bbox 1866 1084 1973 1141; x_wconf 81' lang='lat' dir='ltr'><strong>(sor</strong></span> <span class='ocrx_word' id='word_1_139' title='bbox 2000 1085 2103 1141; x_wconf 90' lang='lat' dir='ltr'><strong>hec)</strong></span> <span class='ocrx_word' id='word_1_140' title='bbox 2129 1102 2136 1128; x_wconf 91' lang='lat'><strong>:</strong></span> 
     </span>
     <span class='ocr_line' id='line_1_12' title="bbox 198 1160 2141 1222; baseline -0.003 -14"><span class='ocrx_word' id='word_1_141' title='bbox 198 1167 224 1208; x_wconf 93' lang='lat' dir='ltr'><strong>l.</strong></span> <span class='ocrx_word' id='word_1_142' title='bbox 258 1175 323 1220; x_wconf 85' lang='lat'><strong>15,</strong></span> <span class='ocrx_word' id='word_1_143' title='bbox 348 1166 563 1208; x_wconf 86' lang='lat' dir='ltr'><strong>thronum</strong></span> <span class='ocrx_word' id='word_1_144' title='bbox 585 1164 839 1208; x_wconf 85' lang='lat' dir='ltr'><strong>maximum</strong></span> <span class='ocrx_word' id='word_1_145' title='bbox 863 1165 976 1222; x_wconf 78' lang='lat' dir='ltr'><strong>(for</strong></span> <span class='ocrx_word' id='word_1_146' title='bbox 993 1172 1175 1207; x_wconf 87' lang='lat' dir='ltr'><strong>tronum</strong></span> <span class='ocrx_word' id='word_1_147' title='bbox 1199 1164 1437 1218; x_wconf 86' lang='lat' dir='ltr'><strong>magnum)</strong></span> <span class='ocrx_word' id='word_1_148' title='bbox 1462 1175 1470 1203; x_wconf 92' lang='lat'><strong>:</strong></span> <span class='ocrx_word' id='word_1_149' title='bbox 1507 1160 1548 1203; x_wconf 93' lang='lat' dir='ltr'><strong>ll.</strong></span> <span class='ocrx_word' id='word_1_150' title='bbox 1579 1160 1729 1215; x_wconf 85' lang='lat'>15—16,</span> <span class='ocrx_word' id='word_1_151' title='bbox 1755 1173 1840 1202; x_wconf 86' lang='lat' dir='ltr'><strong>om.</strong></span> <span class='ocrx_word' id='word_1_152' title='bbox 1866 1160 1928 1203; x_wconf 86' lang='lat' dir='ltr'><strong>ad</strong></span> <span class='ocrx_word' id='word_1_153' title='bbox 1951 1162 2141 1217; x_wconf 82' lang='lat' dir='ltr'><strong>cujus—</strong></span> 
     </span>
     <span class='ocr_line' id='line_1_13' title="bbox 198 1235 2139 1300; baseline -0.003 -14"><span class='ocrx_word' id='word_1_154' title='bbox 198 1251 344 1286; x_wconf 90' lang='lat' dir='ltr'><strong>terra:</strong></span> <span class='ocrx_word' id='word_1_155' title='bbox 380 1242 404 1284; x_wconf 94' lang='lat' dir='ltr'><strong>l.</strong></span> <span class='ocrx_word' id='word_1_156' title='bbox 436 1252 502 1296; x_wconf 89' lang='lat'><strong>17,</strong></span> <span class='ocrx_word' id='word_1_157' title='bbox 528 1240 711 1297; x_wconf 88' lang='lat' dir='ltr'><strong>spiritus</strong></span> <span class='ocrx_word' id='word_1_158' title='bbox 735 1243 845 1300; x_wconf 81' lang='lat' dir='ltr'><strong>(for</strong></span> <span class='ocrx_word' id='word_1_159' title='bbox 863 1240 1071 1297; x_wconf 86' lang='lat' dir='ltr'><strong>spiritu):</strong></span> <span class='ocrx_word' id='word_1_160' title='bbox 1109 1242 1135 1284; x_wconf 92' lang='lat' dir='ltr'><strong>l.</strong></span> <span class='ocrx_word' id='word_1_161' title='bbox 1168 1240 1235 1295; x_wconf 88' lang='lat'><strong>18,</strong></span> <span class='ocrx_word' id='word_1_162' title='bbox 1261 1247 1307 1282; x_wconf 86' lang='lat' dir='ltr'><strong>et</strong></span> <span class='ocrx_word' id='word_1_163' title='bbox 1334 1239 1433 1296; x_wconf 70' lang='lat' dir='ltr'><strong>(for</strong></span> <span class='ocrx_word' id='word_1_164' title='bbox 1458 1236 1614 1293; x_wconf 87' lang='lat' dir='ltr'><strong>quia):</strong></span> <span class='ocrx_word' id='word_1_165' title='bbox 1651 1236 1676 1279; x_wconf 94' lang='lat' dir='ltr'><strong>l.</strong></span> <span class='ocrx_word' id='word_1_166' title='bbox 1713 1248 1786 1290; x_wconf 90' lang='lat'><strong>22,</strong></span> <span class='ocrx_word' id='word_1_167' title='bbox 1824 1235 2005 1292; x_wconf 87' lang='lat' dir='ltr'><strong>spiritus</strong></span> <span class='ocrx_word' id='word_1_168' title='bbox 2040 1272 2048 1281; x_wconf 91' lang='lat'><strong>.</strong></span> <span class='ocrx_word' id='word_1_169' title='bbox 2085 1272 2093 1281; x_wconf 93' lang='lat'><strong>.</strong></span> <span class='ocrx_word' id='word_1_170' title='bbox 2130 1272 2139 1281; x_wconf 88' lang='lat'><strong>.</strong></span> 
     </span>
     <span class='ocr_line' id='line_1_14' title="bbox 199 1314 2146 1374; baseline -0.002 -14"><span class='ocrx_word' id='word_1_171' title='bbox 199 1325 387 1373; x_wconf 88' lang='lat' dir='ltr'><strong>recepto</strong></span> <span class='ocrx_word' id='word_1_172' title='bbox 424 1318 531 1373; x_wconf 79' lang='lat' dir='ltr'><strong>(for</strong></span> <span class='ocrx_word' id='word_1_173' title='bbox 557 1316 716 1374; x_wconf 89' lang='lat' dir='ltr'><strong>spiritu</strong></span> <span class='ocrx_word' id='word_1_174' title='bbox 750 1353 758 1361; x_wconf 93' lang='lat'><em>.</em></span> <span class='ocrx_word' id='word_1_175' title='bbox 795 1353 804 1361; x_wconf 87' lang='lat'><strong>.</strong></span> <span class='ocrx_word' id='word_1_176' title='bbox 840 1353 848 1362; x_wconf 93' lang='lat'>.</span> <span class='ocrx_word' id='word_1_177' title='bbox 885 1321 1126 1373; x_wconf 86' lang='lat' dir='ltr'><strong>accepto):</strong></span> <span class='ocrx_word' id='word_1_178' title='bbox 1163 1317 1188 1360; x_wconf 85' lang='lat' dir='ltr'><strong>l.</strong></span> <span class='ocrx_word' id='word_1_179' title='bbox 1225 1325 1298 1370; x_wconf 83' lang='lat'><strong>25,</strong></span> <span class='ocrx_word' id='word_1_180' title='bbox 1334 1314 1410 1371; x_wconf 90' lang='lat' dir='ltr'><strong>qui</strong></span> <span class='ocrx_word' id='word_1_181' title='bbox 1446 1327 1551 1356; x_wconf 90' lang='lat' dir='ltr'><strong>cum</strong></span> <span class='ocrx_word' id='word_1_182' title='bbox 1586 1347 1594 1356; x_wconf 93' lang='lat'><strong>.</strong></span> <span class='ocrx_word' id='word_1_183' title='bbox 1630 1346 1639 1355; x_wconf 89' lang='lat'><strong>.</strong></span> <span class='ocrx_word' id='word_1_184' title='bbox 1677 1345 1686 1355; x_wconf 88' lang='lat'><strong>.</strong></span> <span class='ocrx_word' id='word_1_185' title='bbox 1724 1321 2001 1368; x_wconf 86' lang='lat' dir='ltr'><strong>acceperunt</strong></span> <span class='ocrx_word' id='word_1_186' title='bbox 2037 1314 2146 1371; x_wconf 82' lang='lat' dir='ltr'><strong>(sor</strong></span> 
     </span>
     <span class='ocr_line' id='line_1_15' title="bbox 199 1388 2150 1451; baseline -0.002 -15"><span class='ocrx_word' id='word_1_187' title='bbox 199 1393 277 1451; x_wconf 90' lang='lat' dir='ltr'><strong>qui</strong></span> <span class='ocrx_word' id='word_1_188' title='bbox 311 1408 418 1437; x_wconf 88' lang='lat' dir='ltr'><strong>eum</strong></span> <span class='ocrx_word' id='word_1_189' title='bbox 453 1429 461 1437; x_wconf 92' lang='lat'><strong>.</strong></span> <span class='ocrx_word' id='word_1_190' title='bbox 497 1429 506 1437; x_wconf 91' lang='lat'><strong>.</strong></span> <span class='ocrx_word' id='word_1_191' title='bbox 542 1429 550 1437; x_wconf 97' lang='lat'>.</span> <span class='ocrx_word' id='word_1_192' title='bbox 586 1394 896 1451; x_wconf 87' lang='lat' dir='ltr'><strong>acciperent):</strong></span> <span class='ocrx_word' id='word_1_193' title='bbox 933 1395 959 1438; x_wconf 87' lang='lat'><strong>1.</strong></span> <span class='ocrx_word' id='word_1_194' title='bbox 985 1406 1056 1449; x_wconf 89' lang='grc'><strong>27,</strong></span> <span class='ocrx_word' id='word_1_195' title='bbox 1082 1409 1171 1438; x_wconf 83' lang='lat' dir='ltr'><strong>om.</strong></span> <span class='ocrx_word' id='word_1_196' title='bbox 1196 1400 1375 1436; x_wconf 89' lang='lat' dir='ltr'><strong>totum:</strong></span> <span class='ocrx_word' id='word_1_197' title='bbox 1413 1391 1438 1434; x_wconf 93' lang='lat' dir='ltr'><strong>l.</strong></span> <span class='ocrx_word' id='word_1_198' title='bbox 1465 1391 1537 1443; x_wconf 89' lang='lat'><strong>28,</strong></span> <span class='ocrx_word' id='word_1_199' title='bbox 1573 1403 1657 1432; x_wconf 81' lang='lat' dir='ltr'><strong>om.</strong></span> <span class='ocrx_word' id='word_1_200' title='bbox 1691 1388 1737 1432; x_wconf 91' lang='lat' dir='ltr'><strong>in</strong></span> <span class='ocrx_word' id='word_1_201' title='bbox 1769 1390 2015 1442; x_wconf 86' lang='lat' dir='ltr'><strong>tenebras;</strong></span> <span class='ocrx_word' id='word_1_202' title='bbox 2048 1388 2150 1433; x_wconf 77' lang='lat' dir='ltr'><strong>ancl</strong></span> 
     </span>
     <span class='ocr_line' id='line_1_16' title="bbox 201 1457 2149 1525; baseline -0.003 -11"><span class='ocrx_word' id='word_1_203' title='bbox 201 1472 316 1515; x_wconf 80' lang='lat' dir='ltr'><strong>read</strong></span> <span class='ocrx_word' id='word_1_204' title='bbox 332 1479 463 1514; x_wconf 90' lang='lat' dir='ltr'><strong>erant</strong></span> <span class='ocrx_word' id='word_1_205' title='bbox 485 1471 636 1515; x_wconf 87' lang='lat' dir='ltr'><strong>effecti</strong></span> <span class='ocrx_word' id='word_1_206' title='bbox 660 1480 704 1515; x_wconf 88' lang='lat' dir='ltr'><strong>et</strong></span> <span class='ocrx_word' id='word_1_207' title='bbox 726 1471 942 1516; x_wconf 87' lang='lat' dir='ltr'><strong>teterrimi</strong></span> <span class='ocrx_word' id='word_1_208' title='bbox 963 1487 971 1514; x_wconf 91' lang='lat'><strong>:</strong></span> <span class='ocrx_word' id='word_1_209' title='bbox 1009 1473 1034 1514; x_wconf 91' lang='lat' dir='ltr'><strong>l.</strong></span> <span class='ocrx_word' id='word_1_210' title='bbox 1063 1484 1133 1525; x_wconf 84' lang='grc'><strong>29,</strong></span> <span class='ocrx_word' id='word_1_211' title='bbox 1160 1468 1400 1513; x_wconf 83' lang='lat' dir='ltr'><strong>horribiles</strong></span> <span class='ocrx_word' id='word_1_212' title='bbox 1434 1475 1479 1510; x_wconf 89' lang='lat' dir='ltr'><strong>et</strong></span> <span class='ocrx_word' id='word_1_213' title='bbox 1513 1464 1791 1509; x_wconf 81' lang='lat' dir='ltr'><strong>demonibus</strong></span> <span class='ocrx_word' id='word_1_214' title='bbox 1812 1483 1822 1518; x_wconf 83' lang='lat'><em>3</em></span> <span class='ocrx_word' id='word_1_215' title='bbox 1856 1457 2013 1510; x_wconf 87' lang='lat' dir='ltr'><strong>autem</strong></span> <span class='ocrx_word' id='word_1_216' title='bbox 2037 1467 2149 1524; x_wconf 77' lang='lat' dir='ltr'><strong>&lt;sor</strong></span> 
     </span>
     <span class='ocr_line' id='line_1_17' title="bbox 201 1541 2143 1606; baseline -0.003 -15"><span class='ocrx_word' id='word_1_217' title='bbox 201 1550 360 1603; x_wconf 90' lang='lat' dir='ltr'><strong>vero):</strong></span> <span class='ocrx_word' id='word_1_218' title='bbox 395 1548 420 1590; x_wconf 92' lang='lat' dir='ltr'><strong>l.</strong></span> <span class='ocrx_word' id='word_1_219' title='bbox 451 1560 523 1602; x_wconf 83' lang='lat'><strong>30,</strong></span> <span class='ocrx_word' id='word_1_220' title='bbox 559 1549 772 1592; x_wconf 84' lang='lat' dir='ltr'><strong>sumebat</strong></span> <span class='ocrx_word' id='word_1_221' title='bbox 809 1549 917 1606; x_wconf 70' lang='lat' dir='ltr'><strong>(for</strong></span> <span class='ocrx_word' id='word_1_222' title='bbox 945 1547 1266 1602; x_wconf 89' lang='lat' dir='ltr'><strong>assumebat):</strong></span> <span class='ocrx_word' id='word_1_223' title='bbox 1302 1545 1327 1588; x_wconf 94' lang='lat' dir='ltr'><strong>l.</strong></span> <span class='ocrx_word' id='word_1_224' title='bbox 1364 1556 1436 1599; x_wconf 84' lang='lat'><strong>31,</strong></span> <span class='ocrx_word' id='word_1_225' title='bbox 1473 1541 1741 1586; x_wconf 88' lang='lat' dir='ltr'><strong>effundebat</strong></span> <span class='ocrx_word' id='word_1_226' title='bbox 1774 1543 1849 1585; x_wconf 88' lang='lat' dir='ltr'><strong>vel</strong></span> <span class='ocrx_word' id='word_1_227' title='bbox 1882 1542 1940 1586; x_wconf 88' lang='lat' dir='ltr'><strong>de</strong></span> <span class='ocrx_word' id='word_1_228' title='bbox 1975 1542 2143 1586; x_wconf 87' lang='lat' dir='ltr'><strong>tradito</strong></span> 
     </span>
     <span class='ocr_line' id='line_1_18' title="bbox 201 1618 2142 1680; baseline -0.003 -13"><span class='ocrx_word' id='word_1_229' title='bbox 201 1623 285 1667; x_wconf 90' lang='lat' dir='ltr'><strong>sibi</strong></span> <span class='ocrx_word' id='word_1_230' title='bbox 311 1623 454 1667; x_wconf 85' lang='lat' dir='ltr'><strong>calice</strong></span> <span class='ocrx_word' id='word_1_231' title='bbox 477 1623 662 1680; x_wconf 88' lang='lat' dir='ltr'><strong>spiritus</strong></span> <span class='ocrx_word' id='word_1_232' title='bbox 685 1624 776 1668; x_wconf 81' lang='lat' dir='ltr'><strong>vite</strong></span> <span class='ocrx_word' id='word_1_233' title='bbox 799 1639 827 1668; x_wconf 89' lang='lat' dir='ltr'><strong>a</strong></span> <span class='ocrx_word' id='word_1_234' title='bbox 862 1625 905 1669; x_wconf 84' lang='lat' dir='ltr'><strong>S.</strong></span> <span class='ocrx_word' id='word_1_235' title='bbox 934 1623 1208 1667; x_wconf 87' lang='lat' dir='ltr'><strong>Francisco:</strong></span> <span class='ocrx_word' id='word_1_236' title='bbox 1245 1623 1270 1665; x_wconf 93' lang='lat' dir='ltr'><strong>l.</strong></span> <span class='ocrx_word' id='word_1_237' title='bbox 1309 1634 1379 1677; x_wconf 84' lang='lat'><strong>32,</strong></span> <span class='ocrx_word' id='word_1_238' title='bbox 1415 1619 1460 1663; x_wconf 91' lang='lat' dir='ltr'><strong>in</strong></span> <span class='ocrx_word' id='word_1_239' title='bbox 1488 1619 1595 1677; x_wconf 66' lang='lat' dir='ltr'><strong>&lt;for</strong></span> <span class='ocrx_word' id='word_1_240' title='bbox 1622 1621 1716 1674; x_wconf 88' lang='lat' dir='ltr'><strong>aut)</strong></span> <span class='ocrx_word' id='word_1_241' title='bbox 1741 1633 1749 1661; x_wconf 92' lang='lat'><strong>:</strong></span> <span class='ocrx_word' id='word_1_242' title='bbox 1787 1619 1812 1662; x_wconf 89' lang='lat' dir='ltr'><strong>l.</strong></span> <span class='ocrx_word' id='word_1_243' title='bbox 1840 1620 1910 1674; x_wconf 84' lang='lat'><strong>36,</strong></span> <span class='ocrx_word' id='word_1_244' title='bbox 1948 1618 2142 1662; x_wconf 84' lang='lat' dir='ltr'><strong>dimissis</strong></span> 
     </span>
     <span class='ocr_line' id='line_1_19' title="bbox 208 1699 549 1759; baseline 0 -15"><span class='ocrx_word' id='word_1_245' title='bbox 208 1701 318 1759; x_wconf 86' lang='lat' dir='ltr'><strong>(for</strong></span> <span class='ocrx_word' id='word_1_246' title='bbox 332 1699 549 1756; x_wconf 90' lang='lat' dir='ltr'><strong>omissis).</strong></span> 
     </span>
    </p>

    <p class='ocr_par' dir='ltr' id='par_1_5' title="bbox 202 1771 2153 2521">
     <span class='ocr_line' id='line_1_20' title="bbox 324 1771 2141 1832; baseline -0.003 -13"><span class='ocrx_word' id='word_1_247' title='bbox 324 1778 370 1820; x_wconf 89' lang='lat' dir='ltr'><strong>P.</strong></span> <span class='ocrx_word' id='word_1_248' title='bbox 396 1777 499 1831; x_wconf 82' lang='lat'><strong>281,</strong></span> <span class='ocrx_word' id='word_1_249' title='bbox 525 1778 550 1820; x_wconf 95' lang='lat' dir='ltr'><strong>l.</strong></span> <span class='ocrx_word' id='word_1_250' title='bbox 581 1789 617 1831; x_wconf 92' lang='grc'><strong>1,</strong></span> <span class='ocrx_word' id='word_1_251' title='bbox 643 1777 865 1821; x_wconf 84' lang='lat' dir='ltr'><strong>ascendat</strong></span> <span class='ocrx_word' id='word_1_252' title='bbox 899 1812 907 1820; x_wconf 93' lang='lat'><strong>.</strong></span> <span class='ocrx_word' id='word_1_253' title='bbox 944 1812 952 1820; x_wconf 92' lang='lat'><strong><em>.</em></strong></span> <span class='ocrx_word' id='word_1_254' title='bbox 989 1812 996 1820; x_wconf 93' lang='lat'>.</span> <span class='ocrx_word' id='word_1_255' title='bbox 1033 1776 1349 1820; x_wconf 82' lang='lat' dir='ltr'><strong>descendebat</strong></span> <span class='ocrx_word' id='word_1_256' title='bbox 1377 1775 1486 1832; x_wconf 81' lang='lat' dir='ltr'><strong>&lt;for</strong></span> <span class='ocrx_word' id='word_1_257' title='bbox 1507 1771 1785 1816; x_wconf 87' lang='lat' dir='ltr'><strong>ascenderat</strong></span> <span class='ocrx_word' id='word_1_258' title='bbox 1819 1806 1827 1815; x_wconf 92' lang='lat'>.</span> <span class='ocrx_word' id='word_1_259' title='bbox 1863 1806 1872 1815; x_wconf 88' lang='lat'><strong>.</strong></span> <span class='ocrx_word' id='word_1_260' title='bbox 1908 1806 1916 1815; x_wconf 90' lang='lat'><em>.</em></span> <span class='ocrx_word' id='word_1_261' title='bbox 1953 1772 2141 1814; x_wconf 89' lang='lat' dir='ltr'><strong>descen-</strong></span> 
     </span>
     <span class='ocr_line' id='line_1_21' title="bbox 202 1848 2149 1912; baseline -0.003 -15"><span class='ocrx_word' id='word_1_262' title='bbox 202 1854 351 1909; x_wconf 83' lang='lat' dir='ltr'><strong>derat)</strong></span> <span class='ocrx_word' id='word_1_263' title='bbox 379 1868 388 1896; x_wconf 91' lang='lat'><strong>:</strong></span> <span class='ocrx_word' id='word_1_264' title='bbox 425 1855 450 1896; x_wconf 95' lang='lat' dir='ltr'><strong>l.</strong></span> <span class='ocrx_word' id='word_1_265' title='bbox 476 1866 517 1908; x_wconf 91' lang='lat'><strong>2,</strong></span> <span class='ocrx_word' id='word_1_266' title='bbox 542 1853 765 1897; x_wconf 84' lang='lat' dir='ltr'><strong>effuderat</strong></span> <span class='ocrx_word' id='word_1_267' title='bbox 791 1854 898 1912; x_wconf 81' lang='lat' dir='ltr'><strong>(for</strong></span> <span class='ocrx_word' id='word_1_268' title='bbox 914 1853 1172 1896; x_wconf 85' lang='lat' dir='ltr'><strong>effunderat</strong></span> <span class='ocrx_word' id='word_1_269' title='bbox 1192 1869 1203 1905; x_wconf 90' lang='lat'>;</span> <span class='ocrx_word' id='word_1_270' title='bbox 1243 1853 1345 1894; x_wconf 81' lang='lat' dir='ltr'><strong>also</strong></span> <span class='ocrx_word' id='word_1_271' title='bbox 1368 1852 1393 1894; x_wconf 89' lang='lat' dir='ltr'><strong>l.</strong></span> <span class='ocrx_word' id='word_1_272' title='bbox 1423 1852 1493 1906; x_wconf 88' lang='lat'><strong>13)</strong></span> <span class='ocrx_word' id='word_1_273' title='bbox 1519 1864 1526 1892; x_wconf 91' lang='lat'><strong>:</strong></span> <span class='ocrx_word' id='word_1_274' title='bbox 1569 1849 1594 1891; x_wconf 94' lang='lat' dir='ltr'><strong>l.</strong></span> <span class='ocrx_word' id='word_1_275' title='bbox 1621 1861 1667 1903; x_wconf 83' lang='lat'><strong>3,</strong></span> <span class='ocrx_word' id='word_1_276' title='bbox 1690 1856 1736 1891; x_wconf 89' lang='lat' dir='ltr'><strong>et</strong></span> <span class='ocrx_word' id='word_1_277' title='bbox 1761 1848 2015 1891; x_wconf 86' lang='lat' dir='ltr'><strong>facularum</strong></span> <span class='ocrx_word' id='word_1_278' title='bbox 2043 1848 2149 1905; x_wconf 72' lang='lat' dir='ltr'><strong>(for</strong></span> 
     </span>
     <span class='ocr_line' id='line_1_22' title="bbox 205 1923 2143 1987; baseline -0.003 -15"><span class='ocrx_word' id='word_1_279' title='bbox 205 1938 252 1974; x_wconf 90' lang='lat' dir='ltr'><strong>ut</strong></span> <span class='ocrx_word' id='word_1_280' title='bbox 283 1931 630 1986; x_wconf 85' lang='lat' dir='ltr'><strong>novacularum)</strong></span> <span class='ocrx_word' id='word_1_281' title='bbox 657 1947 666 1973; x_wconf 75' lang='grc' dir='ltr'>ε</span> <span class='ocrx_word' id='word_1_282' title='bbox 701 1931 725 1974; x_wconf 91' lang='lat' dir='ltr'><strong>l.</strong></span> <span class='ocrx_word' id='word_1_283' title='bbox 767 1943 807 1984; x_wconf 81' lang='grc'><strong>4,</strong></span> <span class='ocrx_word' id='word_1_284' title='bbox 850 1930 990 1985; x_wconf 87' lang='lat' dir='ltr'><strong>Quod</strong></span> <span class='ocrx_word' id='word_1_285' title='bbox 1033 1931 1142 1987; x_wconf 82' lang='lat' dir='ltr'><strong>(for</strong></span> <span class='ocrx_word' id='word_1_286' title='bbox 1173 1932 1265 1981; x_wconf 89' lang='lat' dir='ltr'><strong>et):</strong></span> <span class='ocrx_word' id='word_1_287' title='bbox 1299 1929 1324 1971; x_wconf 95' lang='lat' dir='ltr'><strong>l.</strong></span> <span class='ocrx_word' id='word_1_288' title='bbox 1350 1929 1392 1982; x_wconf 82' lang='lat'><strong>6,</strong></span> <span class='ocrx_word' id='word_1_289' title='bbox 1426 1941 1510 1970; x_wconf 81' lang='lat' dir='ltr'><strong>om.</strong></span> <span class='ocrx_word' id='word_1_290' title='bbox 1546 1924 1616 1968; x_wconf 85' lang='lat' dir='ltr'><strong>ei:</strong></span> <span class='ocrx_word' id='word_1_291' title='bbox 1653 1925 1679 1968; x_wconf 88' lang='lat' dir='ltr'><strong>l.</strong></span> <span class='ocrx_word' id='word_1_292' title='bbox 1722 1937 1760 1979; x_wconf 90' lang='lat'><strong>7,</strong></span> <span class='ocrx_word' id='word_1_293' title='bbox 1801 1939 1888 1968; x_wconf 78' lang='lat'><strong><em>0772.</em></strong></span> <span class='ocrx_word' id='word_1_294' title='bbox 1922 1923 2143 1980; x_wconf 86' lang='lat' dir='ltr'><strong>piricem;</strong></span> 
     </span>
     <span class='ocr_line' id='line_1_23' title="bbox 204 2000 2141 2064; baseline -0.003 -15"><span class='ocrx_word' id='word_1_295' title='bbox 204 2005 424 2049; x_wconf 86' lang='lat' dir='ltr'><strong>focarium</strong></span> <span class='ocrx_word' id='word_1_296' title='bbox 460 2008 570 2064; x_wconf 83' lang='lat' dir='ltr'><strong>(sor</strong></span> <span class='ocrx_word' id='word_1_297' title='bbox 583 2006 863 2062; x_wconf 85' lang='lat' dir='ltr'><strong>Vocarium):</strong></span> <span class='ocrx_word' id='word_1_298' title='bbox 900 2008 925 2050; x_wconf 92' lang='lat' dir='ltr'><strong>l.</strong></span> <span class='ocrx_word' id='word_1_299' title='bbox 956 2019 1021 2060; x_wconf 93' lang='lat'><strong>11,</strong></span> <span class='ocrx_word' id='word_1_300' title='bbox 1059 2007 1147 2049; x_wconf 90' lang='lat' dir='ltr'><strong>hoc</strong></span> <span class='ocrx_word' id='word_1_301' title='bbox 1174 2006 1281 2064; x_wconf 82' lang='lat' dir='ltr'><strong>(for</strong></span> <span class='ocrx_word' id='word_1_302' title='bbox 1307 2006 1445 2061; x_wconf 87' lang='lat' dir='ltr'><strong>hec):</strong></span> <span class='ocrx_word' id='word_1_303' title='bbox 1482 2004 1506 2046; x_wconf 94' lang='lat' dir='ltr'><strong>l.</strong></span> <span class='ocrx_word' id='word_1_304' title='bbox 1549 2015 1615 2056; x_wconf 89' lang='lat'><strong>12,</strong></span> <span class='ocrx_word' id='word_1_305' title='bbox 1649 2001 1749 2044; x_wconf 78' lang='lat' dir='ltr'><strong>add</strong></span> <span class='ocrx_word' id='word_1_306' title='bbox 1776 2009 1823 2044; x_wconf 87' lang='lat' dir='ltr'><strong>et</strong></span> <span class='ocrx_word' id='word_1_307' title='bbox 1855 2002 2004 2059; x_wconf 79' lang='lat' dir='ltr'><strong>before</strong></span> <span class='ocrx_word' id='word_1_308' title='bbox 2036 2000 2141 2056; x_wconf 88' lang='lat' dir='ltr'><strong>qui:</strong></span> 
     </span>
     <span class='ocr_line' id='line_1_24' title="bbox 205 2078 2153 2137; baseline -0.002 -13"><span class='ocrx_word' id='word_1_309' title='bbox 205 2084 231 2126; x_wconf 84' lang='lat' dir='ltr'><strong>l.</strong></span> <span class='ocrx_word' id='word_1_310' title='bbox 272 2083 338 2137; x_wconf 83' lang='lat'><strong>16,</strong></span> <span class='ocrx_word' id='word_1_311' title='bbox 374 2097 457 2126; x_wconf 82' lang='lat' dir='ltr'><strong>om.</strong></span> <span class='ocrx_word' id='word_1_312' title='bbox 491 2091 537 2126; x_wconf 90' lang='lat' dir='ltr'><strong>et</strong></span> <span class='ocrx_word' id='word_1_313' title='bbox 569 2082 749 2126; x_wconf 89' lang='lat' dir='ltr'><strong>miserie</strong></span> <span class='ocrx_word' id='word_1_314' title='bbox 782 2109 841 2115; x_wconf 80' lang='lat'>—</span> <span class='ocrx_word' id='word_1_315' title='bbox 873 2081 1116 2126; x_wconf 90' lang='lat' dir='ltr'><strong>ministris:</strong></span> <span class='ocrx_word' id='word_1_316' title='bbox 1159 2083 1184 2125; x_wconf 93' lang='lat' dir='ltr'><strong>l.</strong></span> <span class='ocrx_word' id='word_1_317' title='bbox 1229 2095 1295 2137; x_wconf 86' lang='lat'><strong>19,</strong></span> <span class='ocrx_word' id='word_1_318' title='bbox 1328 2096 1414 2125; x_wconf 82' lang='lat' dir='ltr'><strong>om.</strong></span> <span class='ocrx_word' id='word_1_319' title='bbox 1446 2088 1491 2125; x_wconf 90' lang='lat' dir='ltr'><strong>et</strong></span> <span class='ocrx_word' id='word_1_320' title='bbox 1523 2079 1674 2136; x_wconf 76' lang='lat' dir='ltr'><strong>before</strong></span> <span class='ocrx_word' id='word_1_321' title='bbox 1704 2078 2012 2133; x_wconf 86' lang='lat' dir='ltr'><strong>tenebrarum,</strong></span> <span class='ocrx_word' id='word_1_322' title='bbox 2050 2078 2153 2121; x_wconf 82' lang='lat' dir='ltr'><strong>and</strong></span> 
     </span>
     <span class='ocr_line' id='line_1_25' title="bbox 206 2154 2143 2214; baseline -0.002 -12"><span class='ocrx_word' id='word_1_323' title='bbox 206 2167 388 2202; x_wconf 87' lang='lat' dir='ltr'><strong>autem:</strong></span> <span class='ocrx_word' id='word_1_324' title='bbox 424 2159 450 2202; x_wconf 95' lang='lat' dir='ltr'><strong>l.</strong></span> <span class='ocrx_word' id='word_1_325' title='bbox 476 2172 547 2214; x_wconf 90' lang='grc'>21,</span> <span class='ocrx_word' id='word_1_326' title='bbox 574 2158 619 2202; x_wconf 89' lang='lat' dir='ltr'><strong>in</strong></span> <span class='ocrx_word' id='word_1_327' title='bbox 642 2167 811 2203; x_wconf 91' lang='lat' dir='ltr'><strong>terram</strong></span> <span class='ocrx_word' id='word_1_328' title='bbox 837 2159 1003 2202; x_wconf 89' lang='lat' dir='ltr'><strong>corruit</strong></span> <span class='ocrx_word' id='word_1_329' title='bbox 1026 2167 1070 2202; x_wconf 88' lang='lat' dir='ltr'><strong>et</strong></span> <span class='ocrx_word' id='word_1_330' title='bbox 1105 2159 1340 2203; x_wconf 87' lang='lat' dir='ltr'><strong>confracta</strong></span> <span class='ocrx_word' id='word_1_331' title='bbox 1373 2166 1417 2201; x_wconf 91' lang='lat' dir='ltr'><strong>et</strong></span> <span class='ocrx_word' id='word_1_332' title='bbox 1451 2154 1733 2200; x_wconf 89' lang='lat' dir='ltr'><strong>comminuta</strong></span> <span class='ocrx_word' id='word_1_333' title='bbox 1755 2169 1782 2198; x_wconf 92' lang='lat' dir='ltr'><strong>a</strong></span> <span class='ocrx_word' id='word_1_334' title='bbox 1816 2154 1996 2198; x_wconf 87' lang='lat' dir='ltr'><strong>turbine</strong></span> <span class='ocrx_word' id='word_1_335' title='bbox 2029 2163 2143 2198; x_wconf 88' lang='lat' dir='ltr'><strong>tem-</strong></span> 
     </span>
     <span class='ocr_line' id='line_1_26' title="bbox 205 2230 2142 2292; baseline -0.003 -14"><span class='ocrx_word' id='word_1_336' title='bbox 205 2244 360 2291; x_wconf 89' lang='lat' dir='ltr'><strong>pestas</strong></span> <span class='ocrx_word' id='word_1_337' title='bbox 385 2237 471 2292; x_wconf 77' lang='lat'><strong>(!):</strong></span> <span class='ocrx_word' id='word_1_338' title='bbox 507 2236 533 2279; x_wconf 93' lang='lat'><strong>1.</strong></span> <span class='ocrx_word' id='word_1_339' title='bbox 569 2246 639 2291; x_wconf 87' lang='grc'>25,</span> <span class='ocrx_word' id='word_1_340' title='bbox 677 2251 760 2280; x_wconf 79' lang='lat' dir='ltr'><strong>om.</strong></span> <span class='ocrx_word' id='word_1_341' title='bbox 797 2235 1062 2279; x_wconf 88' lang='lat' dir='ltr'><strong>altitudine:</strong></span> <span class='ocrx_word' id='word_1_342' title='bbox 1100 2236 1259 2279; x_wconf 75' lang='lat' dir='ltr'><strong>addet</strong></span> <span class='ocrx_word' id='word_1_343' title='bbox 1291 2234 1458 2277; x_wconf 88' lang='lat' dir='ltr'><strong>virtute</strong></span> <span class='ocrx_word' id='word_1_344' title='bbox 1482 2233 1612 2291; x_wconf 78' lang='lat' dir='ltr'><strong>aster</strong></span> <span class='ocrx_word' id='word_1_345' title='bbox 1639 2230 1971 2287; x_wconf 88' lang='lat' dir='ltr'><strong>pulcritudine:</strong></span> <span class='ocrx_word' id='word_1_346' title='bbox 2008 2232 2033 2275; x_wconf 91' lang='lat' dir='ltr'><strong>l.</strong></span> <span class='ocrx_word' id='word_1_347' title='bbox 2071 2232 2142 2286; x_wconf 90' lang='lat'><strong>26,</strong></span> 
     </span>
     <span class='ocr_line' id='line_1_27' title="bbox 207 2306 2144 2370; baseline -0.002 -16"><span class='ocrx_word' id='word_1_348' title='bbox 207 2310 329 2368; x_wconf 84' lang='lat' dir='ltr'><strong>loqui</strong></span> <span class='ocrx_word' id='word_1_349' title='bbox 355 2313 466 2370; x_wconf 86' lang='lat' dir='ltr'><strong>(for</strong></span> <span class='ocrx_word' id='word_1_350' title='bbox 486 2311 754 2368; x_wconf 84' lang='lat' dir='ltr'><strong>exprimere)</strong></span> <span class='ocrx_word' id='word_1_351' title='bbox 777 2327 785 2355; x_wconf 92' lang='lat'><strong>:</strong></span> <span class='ocrx_word' id='word_1_352' title='bbox 822 2313 848 2356; x_wconf 92' lang='lat' dir='ltr'><strong>l.</strong></span> <span class='ocrx_word' id='word_1_353' title='bbox 875 2313 945 2366; x_wconf 83' lang='lat'><strong>26,</strong></span> <span class='ocrx_word' id='word_1_354' title='bbox 972 2312 1070 2355; x_wconf 78' lang='lat' dir='ltr'><strong>add</strong></span> <span class='ocrx_word' id='word_1_355' title='bbox 1085 2306 1171 2354; x_wconf 88' lang='lat' dir='ltr'><strong>iste</strong></span> <span class='ocrx_word' id='word_1_356' title='bbox 1194 2314 1324 2370; x_wconf 77' lang='lat' dir='ltr'><strong>after</strong></span> <span class='ocrx_word' id='word_1_357' title='bbox 1339 2310 1493 2367; x_wconf 86' lang='lat' dir='ltr'><strong>quod:</strong></span> <span class='ocrx_word' id='word_1_358' title='bbox 1531 2323 1614 2352; x_wconf 79' lang='lat' dir='ltr'><strong>om.</strong></span> <span class='ocrx_word' id='word_1_359' title='bbox 1649 2321 1755 2351; x_wconf 87' lang='lat' dir='ltr'><strong>vere</strong></span> <span class='ocrx_word' id='word_1_360' title='bbox 1776 2322 1784 2349; x_wconf 74' lang='grc' dir='ltr'>ε</span> <span class='ocrx_word' id='word_1_361' title='bbox 1821 2308 1846 2350; x_wconf 94' lang='lat' dir='ltr'><strong>l.</strong></span> <span class='ocrx_word' id='word_1_362' title='bbox 1873 2308 1945 2363; x_wconf 88' lang='lat'><strong>28,</strong></span> <span class='ocrx_word' id='word_1_363' title='bbox 1971 2322 2055 2351; x_wconf 82' lang='lat' dir='ltr'><strong>om.</strong></span> <span class='ocrx_word' id='word_1_364' title='bbox 2080 2307 2144 2350; x_wconf 91' lang='lat' dir='ltr'><strong>in-</strong></span> 
     </span>
     <span class='ocr_line' id='line_1_28' title="bbox 209 2385 2144 2445; baseline -0.002 -15"><span class='ocrx_word' id='word_1_365' title='bbox 209 2387 465 2431; x_wconf 87' lang='lat' dir='ltr'><strong>stitucioni:</strong></span> <span class='ocrx_word' id='word_1_366' title='bbox 498 2390 523 2431; x_wconf 93' lang='lat' dir='ltr'><strong>l.</strong></span> <span class='ocrx_word' id='word_1_367' title='bbox 550 2402 619 2444; x_wconf 84' lang='lat'><strong>31,</strong></span> <span class='ocrx_word' id='word_1_368' title='bbox 645 2389 892 2443; x_wconf 88' lang='lat' dir='ltr'><strong>doctorem,</strong></span> <span class='ocrx_word' id='word_1_369' title='bbox 921 2390 1045 2431; x_wconf 91' lang='lat' dir='ltr'><strong>Nam</strong></span> <span class='ocrx_word' id='word_1_370' title='bbox 1073 2389 1123 2444; x_wconf 75' lang='lat'><strong>(1)</strong></span> <span class='ocrx_word' id='word_1_371' title='bbox 1166 2389 1268 2445; x_wconf 73' lang='lat' dir='ltr'><strong>(sor</strong></span> <span class='ocrx_word' id='word_1_372' title='bbox 1293 2385 1563 2441; x_wconf 87' lang='lat' dir='ltr'><strong>doctrinam)</strong></span> <span class='ocrx_word' id='word_1_373' title='bbox 1588 2400 1595 2427; x_wconf 94' lang='lat'><strong>:</strong></span> <span class='ocrx_word' id='word_1_374' title='bbox 1634 2385 1658 2427; x_wconf 95' lang='grc'><strong>1.</strong></span> <span class='ocrx_word' id='word_1_375' title='bbox 1686 2397 1756 2439; x_wconf 88' lang='grc'><strong>32,</strong></span> <span class='ocrx_word' id='word_1_376' title='bbox 1777 2392 1861 2428; x_wconf 91' lang='lat' dir='ltr'><strong>etc.</strong></span> <span class='ocrx_word' id='word_1_377' title='bbox 1900 2386 1952 2440; x_wconf 76' lang='lat'><strong>(1)</strong></span> <span class='ocrx_word' id='word_1_378' title='bbox 1981 2385 2082 2444; x_wconf 70' lang='lat' dir='ltr'><strong>(for</strong></span> <span class='ocrx_word' id='word_1_379' title='bbox 2101 2391 2144 2427; x_wconf 90' lang='lat' dir='ltr'><strong>et</strong></span> 
     </span>
     <span class='ocr_line' id='line_1_29' title="bbox 212 2464 928 2521; baseline 0.001 -14"><span class='ocrx_word' id='word_1_380' title='bbox 212 2468 332 2520; x_wconf 89' lang='lat' dir='ltr'><strong>curn)</strong></span> <span class='ocrx_word' id='word_1_381' title='bbox 356 2479 364 2506; x_wconf 91' lang='lat'><strong>:</strong></span> <span class='ocrx_word' id='word_1_382' title='bbox 400 2465 425 2507; x_wconf 94' lang='lat' dir='ltr'><strong>l.</strong></span> <span class='ocrx_word' id='word_1_383' title='bbox 453 2477 522 2520; x_wconf 85' lang='lat'><strong>33,</strong></span> <span class='ocrx_word' id='word_1_384' title='bbox 548 2464 928 2521; x_wconf 86' lang='lat' dir='ltr'><strong>multiplicaverit.</strong></span> 
     </span>
    </p>
   </div>
   <div class='ocr_carea' id='block_1_4' title="bbox 127 2641 2352 2716">
    <p class='ocr_par' dir='ltr' id='par_1_6' title="bbox 127 2641 2352 2716">
     <span class='ocr_line' id='line_1_30' title="bbox 127 2641 2352 2716; baseline 0.002 -25"><span class='ocrx_word' id='word_1_385' title='bbox 127 2653 193 2716; x_wconf 77' lang='lat'><strong>53</strong></span> <span class='ocrx_word' id='word_1_386' title='bbox 325 2641 378 2708; x_wconf 83' lang='lat' dir='ltr'><strong>(f.</strong></span> <span class='ocrx_word' id='word_1_387' title='bbox 412 2644 529 2709; x_wconf 75' lang='lat' dir='ltr'><strong>88V)</strong></span> <span class='ocrx_word' id='word_1_388' title='bbox 567 2642 681 2692; x_wconf 85' lang='lat' dir='ltr'><strong>Hic</strong></span> <span class='ocrx_word' id='word_1_389' title='bbox 720 2650 847 2693; x_wconf 79' lang='lat' dir='ltr'><strong>sunt</strong></span> <span class='ocrx_word' id='word_1_390' title='bbox 902 2643 1125 2709; x_wconf 73' lang='lat' dir='ltr'><strong>quedam</strong></span> <span class='ocrx_word' id='word_1_391' title='bbox 1172 2643 1424 2693; x_wconf 77' lang='lat' dir='ltr'><strong>notabilia</strong></span> <span class='ocrx_word' id='word_1_392' title='bbox 1471 2650 1520 2691; x_wconf 77' lang='lat' dir='ltr'><strong>et</strong></span> <span class='ocrx_word' id='word_1_393' title='bbox 1564 2641 1828 2691; x_wconf 76' lang='lat' dir='ltr'><strong>miracula</strong></span> <span class='ocrx_word' id='word_1_394' title='bbox 1881 2642 1944 2691; x_wconf 79' lang='lat' dir='ltr'><strong>de</strong></span> <span class='ocrx_word' id='word_1_395' title='bbox 1994 2643 2146 2693; x_wconf 80' lang='lat' dir='ltr'><strong>sociis</strong></span> <span class='ocrx_word' id='word_1_396' title='bbox 2160 2658 2293 2695; x_wconf 86' lang='lat' dir='ltr'><strong>Actus</strong></span> <span class='ocrx_word' id='word_1_397' title='bbox 2317 2668 2352 2695; x_wconf 87' lang='lat'><strong>1.</strong></span> 
     </span>
    </p>
   </div>
   <div class='ocr_carea' id='block_1_5' title="bbox 213 2731 2142 2873">
    <p class='ocr_par' dir='ltr' id='par_1_7' title="bbox 213 2731 2142 2873">
     <span class='ocr_line' id='line_1_31' title="bbox 216 2731 2142 2800; baseline 0.002 -18"><span class='ocrx_word' id='word_1_398' title='bbox 216 2731 406 2782; x_wconf 72' lang='lat' dir='ltr'><strong>Sancti</strong></span> <span class='ocrx_word' id='word_1_399' title='bbox 441 2731 725 2783; x_wconf 72' lang='lat' dir='ltr'><strong>Francisci.</strong></span> <span class='ocrx_word' id='word_1_400' title='bbox 806 2733 872 2782; x_wconf 80' lang='lat' dir='ltr'><strong>In</strong></span> <span class='ocrx_word' id='word_1_401' title='bbox 914 2734 1122 2784; x_wconf 77' lang='lat' dir='ltr'><strong>nomine</strong></span> <span class='ocrx_word' id='word_1_402' title='bbox 1139 2734 1322 2798; x_wconf 73' lang='lat' dir='ltr'><strong>patris</strong></span> <span class='ocrx_word' id='word_1_403' title='bbox 1361 2732 1540 2800; x_wconf 78' lang='lat' dir='ltr'><strong>etfilii</strong></span> <span class='ocrx_word' id='word_1_404' title='bbox 1564 2740 1615 2782; x_wconf 77' lang='lat' dir='ltr'><strong>et</strong></span> <span class='ocrx_word' id='word_1_405' title='bbox 1655 2731 1896 2797; x_wconf 74' lang='lat' dir='ltr'><strong>Spiritus</strong></span> <span class='ocrx_word' id='word_1_406' title='bbox 1938 2732 2142 2785; x_wconf 76' lang='lat' dir='ltr'><strong>Sancti.</strong></span> 
     </span>
     <span class='ocr_line' id='line_1_32' title="bbox 213 2820 429 2873; baseline 0.005 -2"><span class='ocrx_word' id='word_1_407' title='bbox 213 2820 429 2873; x_wconf 55' lang='lat' dir='ltr'><strong>Amen}</strong></span> 
     </span>
    </p>
   </div>
   <div class='ocr_carea' id='block_1_6' title="bbox 216 2941 2143 3368">
    <p class='ocr_par' dir='ltr' id='par_1_8' title="bbox 216 2941 2143 3368">
     <span class='ocr_line' id='line_1_33' title="bbox 304 2941 2140 3010; baseline 0.002 -19"><span class='ocrx_word' id='word_1_408' title='bbox 304 2941 355 2992; x_wconf 91' lang='lat' dir='ltr'>N</span> <span class='ocrx_word' id='word_1_409' title='bbox 396 2943 619 2992; x_wconf 90' lang='lat' dir='ltr'><strong>nomine</strong></span> <span class='ocrx_word' id='word_1_410' title='bbox 659 2942 835 2993; x_wconf 90' lang='lat' dir='ltr'><strong>Patris</strong></span> <span class='ocrx_word' id='word_1_411' title='bbox 876 2950 930 2992; x_wconf 90' lang='lat' dir='ltr'><strong>et</strong></span> <span class='ocrx_word' id='word_1_412' title='bbox 975 2943 1096 2993; x_wconf 88' lang='lat' dir='ltr'><strong>Filii</strong></span> <span class='ocrx_word' id='word_1_413' title='bbox 1139 2951 1193 2994; x_wconf 91' lang='lat' dir='ltr'><strong>et</strong></span> <span class='ocrx_word' id='word_1_414' title='bbox 1232 2943 1469 3010; x_wconf 84' lang='lat' dir='ltr'><strong>Spiritus</strong></span> <span class='ocrx_word' id='word_1_415' title='bbox 1498 2945 1681 2997; x_wconf 87' lang='lat' dir='ltr'><strong>sancti.</strong></span> <span class='ocrx_word' id='word_1_416' title='bbox 1767 2942 1968 2995; x_wconf 83' lang='lat' dir='ltr'><strong>Amen.</strong></span> <span class='ocrx_word' id='word_1_417' title='bbox 2051 2943 2140 2994; x_wconf 86' lang='lat' dir='ltr'><strong>Ad</strong></span> 
     </span>
     <span class='ocr_line' id='line_1_34' title="bbox 377 3030 2137 3099; baseline 0.002 -19"><span class='ocrx_word' id='word_1_418' title='bbox 377 3030 687 3081; x_wconf 64' lang='lat' dir='ltr'><strong>laudem‘et</strong></span> <span class='ocrx_word' id='word_1_419' title='bbox 726 3033 957 3097; x_wconf 82' lang='lat' dir='ltr'><strong>gloriam</strong></span> <span class='ocrx_word' id='word_1_420' title='bbox 1001 3075 1009 3083; x_wconf 95' lang='lat'><strong><em>.</em></strong></span> <span class='ocrx_word' id='word_1_421' title='bbox 1052 3074 1062 3083; x_wconf 91' lang='lat'>.</span> <span class='ocrx_word' id='word_1_422' title='bbox 1109 3076 1118 3085; x_wconf 91' lang='lat'><strong>.</strong></span> <span class='ocrx_word' id='word_1_423' title='bbox 1165 3034 1434 3084; x_wconf 88' lang='lat' dir='ltr'><strong>mirabiles</strong></span> <span class='ocrx_word' id='word_1_424' title='bbox 1466 3033 1558 3099; x_wconf 86' lang='lat' dir='ltr'><strong>qui</strong></span> <span class='ocrx_word' id='word_1_425' title='bbox 1592 3034 1647 3083; x_wconf 95' lang='lat' dir='ltr'><strong>in</strong></span> <span class='ocrx_word' id='word_1_426' title='bbox 1678 3032 1922 3098; x_wconf 80' lang='lat' dir='ltr'><strong>legendis</strong></span> <span class='ocrx_word' id='word_1_427' title='bbox 1952 3051 2137 3083; x_wconf 89' lang='lat' dir='ltr'><strong>eorum</strong></span> 
     </span>
     <span class='ocr_line' id='line_1_35' title="bbox 218 3121 2087 3189; baseline 0.001 -17"><span class='ocrx_word' id='word_1_428' title='bbox 218 3122 547 3189; x_wconf 89' lang='lat' dir='ltr'><strong>pretermissi</strong></span> <span class='ocrx_word' id='word_1_429' title='bbox 588 3121 817 3182; x_wconf 85' lang='lat' dir='ltr'><strong>fuerunt,</strong></span> <span class='ocrx_word' id='word_1_430' title='bbox 863 3123 955 3188; x_wconf 89' lang='lat' dir='ltr'><strong>qui</strong></span> <span class='ocrx_word' id='word_1_431' title='bbox 997 3129 1183 3173; x_wconf 90' lang='lat' dir='ltr'><strong>tamen</strong></span> <span class='ocrx_word' id='word_1_432' title='bbox 1223 3131 1351 3174; x_wconf 92' lang='lat' dir='ltr'><strong>sunt</strong></span> <span class='ocrx_word' id='word_1_433' title='bbox 1391 3122 1549 3173; x_wconf 85' lang='lat' dir='ltr'><strong>valde</strong></span> <span class='ocrx_word' id='word_1_434' title='bbox 1591 3122 1752 3173; x_wconf 90' lang='lat' dir='ltr'><strong>utiles</strong></span> <span class='ocrx_word' id='word_1_435' title='bbox 1794 3131 1850 3172; x_wconf 93' lang='lat' dir='ltr'><strong>et</strong></span> <span class='ocrx_word' id='word_1_436' title='bbox 1890 3122 2087 3175; x_wconf 86' lang='lat' dir='ltr'><strong>devoti.</strong></span> 
     </span>
     <span class='ocr_line' id='line_1_36' title="bbox 331 3211 2143 3277; baseline 0.002 -16"><span class='ocrx_word' id='word_1_437' title='bbox 331 3211 511 3261; x_wconf 87' lang='lat' dir='ltr'><strong>Primo</strong></span> <span class='ocrx_word' id='word_1_438' title='bbox 541 3212 704 3277; x_wconf 79' lang='lat' dir='ltr'><strong>igitur</strong></span> <span class='ocrx_word' id='word_1_439' title='bbox 731 3211 1010 3263; x_wconf 88' lang='lat' dir='ltr'><strong>sciendum</strong></span> <span class='ocrx_word' id='word_1_440' title='bbox 1033 3243 1178 3250; x_wconf 87' lang='lat'>-—--</span> <span class='ocrx_word' id='word_1_441' title='bbox 1203 3212 1298 3268; x_wconf 86' lang='lat' dir='ltr'><strong>sed</strong></span> <span class='ocrx_word' id='word_1_442' title='bbox 1326 3212 1534 3263; x_wconf 91' lang='lat' dir='ltr'><strong>nudum</strong></span> <span class='ocrx_word' id='word_1_443' title='bbox 1564 3230 1621 3262; x_wconf 91' lang='lat' dir='ltr'><strong>se</strong></span> <span class='ocrx_word' id='word_1_444' title='bbox 1650 3211 1878 3262; x_wconf 84' lang='lat' dir='ltr'><strong>offerens</strong></span> <span class='ocrx_word' id='word_1_445' title='bbox 1909 3212 2143 3264; x_wconf 88' lang='lat' dir='ltr'><strong>brachiis</strong></span> 
     </span>
     <span class='ocr_line' id='line_1_37' title="bbox 216 3301 1749 3368; baseline 0 -15"><span class='ocrx_word' id='word_1_446' title='bbox 216 3301 477 3354; x_wconf 83' lang='lat' dir='ltr'><strong>Crucifixi</strong></span> <span class='ocrx_word' id='word_1_447' title='bbox 525 3302 618 3368; x_wconf 91' lang='lat' dir='ltr'><strong>qui</strong></span> <span class='ocrx_word' id='word_1_448' title='bbox 660 3309 744 3351; x_wconf 92' lang='lat' dir='ltr'><strong>est</strong></span> <span class='ocrx_word' id='word_1_449' title='bbox 793 3301 1104 3352; x_wconf 89' lang='lat' dir='ltr'><strong>benedictus</strong></span> <span class='ocrx_word' id='word_1_450' title='bbox 1153 3304 1209 3352; x_wconf 91' lang='lat' dir='ltr'><strong>in</strong></span> <span class='ocrx_word' id='word_1_451' title='bbox 1258 3303 1448 3353; x_wconf 87' lang='lat' dir='ltr'><strong>secula.</strong></span> <span class='ocrx_word' id='word_1_452' title='bbox 1551 3301 1749 3353; x_wconf 82' lang='lat' dir='ltr'><strong>Amen.</strong></span> 
     </span>
    </p>
   </div>
   <div class='ocr_carea' id='block_1_7' title="bbox 220 3441 2145 3564">
    <p class='ocr_par' dir='ltr' id='par_1_9' title="bbox 220 3441 2145 3564">
     <span class='ocr_line' id='line_1_38' title="bbox 336 3441 2145 3494; baseline -0.001 -12"><span class='ocrx_word' id='word_1_453' title='bbox 336 3444 351 3468; x_wconf 82' lang='lat'>1</span> <span class='ocrx_word' id='word_1_454' title='bbox 365 3444 419 3482; x_wconf 75' lang='lat' dir='ltr'><strong>In</strong></span> <span class='ocrx_word' id='word_1_455' title='bbox 440 3443 610 3494; x_wconf 75' lang='lat' dir='ltr'><strong>margin</strong></span> <span class='ocrx_word' id='word_1_456' title='bbox 629 3444 673 3482; x_wconf 83' lang='lat' dir='ltr'><strong>in</strong></span> <span class='ocrx_word' id='word_1_457' title='bbox 693 3443 867 3482; x_wconf 74' lang='lat' dir='ltr'><strong>another</strong></span> <span class='ocrx_word' id='word_1_458' title='bbox 887 3442 1030 3482; x_wconf 77' lang='lat' dir='ltr'><strong>hand.-</strong></span> <span class='ocrx_word' id='word_1_459' title='bbox 1065 3447 1087 3464; x_wconf 93' lang='lat'><strong>“</strong></span> <span class='ocrx_word' id='word_1_460' title='bbox 1104 3443 1355 3494; x_wconf 85' lang='lat' dir='ltr'><strong>principium</strong></span> <span class='ocrx_word' id='word_1_461' title='bbox 1387 3441 1657 3481; x_wconf 82' lang='lat' dir='ltr'><strong>flosculorum</strong></span> <span class='ocrx_word' id='word_1_462' title='bbox 1679 3441 1762 3480; x_wconf 85' lang='lat' dir='ltr'><strong>vite</strong></span> <span class='ocrx_word' id='word_1_463' title='bbox 1792 3441 2006 3481; x_wconf 83' lang='lat' dir='ltr'><strong>sociorum</strong></span> <span class='ocrx_word' id='word_1_464' title='bbox 2028 3442 2145 3482; x_wconf 86' lang='lat' dir='ltr'><strong>beati</strong></span> 
     </span>
     <span class='ocr_line' id='line_1_39' title="bbox 220 3510 792 3564; baseline -0.002 -13"><span class='ocrx_word' id='word_1_465' title='bbox 220 3512 351 3564; x_wconf 83' lang='lat' dir='ltr'><strong>patris</strong></span> <span class='ocrx_word' id='word_1_466' title='bbox 371 3511 504 3551; x_wconf 87' lang='lat' dir='ltr'><strong>nostri</strong></span> <span class='ocrx_word' id='word_1_467' title='bbox 521 3510 736 3550; x_wconf 85' lang='lat' dir='ltr'><strong>Francisei</strong></span> <span class='ocrx_word' id='word_1_468' title='bbox 752 3511 792 3550; x_wconf 89' lang='grc'><strong>”.</strong></span> 
     </span>
    </p>
   </div>
  </div>
 </body>
</html>
