2449 3927
245 184 316 232 44
373 167 901 219 DESCRIPTION
927 166 1029 218 OF
1050 166 1104 217 A
1129 168 1630 221 FRANCISCAN
1656 170 2167 226 MANUSCRIPT

237 319 395 369 Pater
421 317 728 379 reverende,
759 334 897 383 rogo
926 325 980 368 te
1020 336 1207 369 amore
1248 320 1449 372 Christi
1488 321 1634 387 quod
1682 330 1907 387 propter
1934 324 2035 374 hoc
2063 343 2172 377 non

237 425 324 458 me
351 409 568 468 abiciaS,
594 407 687 458 sed
716 409 853 457 sicut
882 414 1070 472 pastor
1095 408 1270 458 bonus
1300 411 1394 475 qui
1424 411 1682 477 exemplo
1712 410 1917 463 Christi
1941 413 1961 480 [
2117 414 2172 482 ]1

236 514 395 547 ovem
423 505 573 548 tuam
601 514 707 563 que
735 497 892 562 periit
922 504 975 546 et
1005 496 1171 548 funde
1212 516 1310 564 pro
1353 516 1440 550 me
1481 507 1603 550 tuas
1641 508 1854 550 sanctas
1886 519 2072 567 preces
2101 503 2171 555 ad

235 586 556 648 Dominum,
588 595 666 648 ut,
695 588 738 636 si
770 593 954 651 potest
983 586 1108 648 fieri,
1139 596 1355 639 revocet
1385 588 1791 655 dampnationis
1821 593 2168 644 sententiam.

236 674 380 741 Quia
402 678 662 742 scriptum
687 683 769 726 est
789 674 937 741 quod
966 675 1119 726 Deus
1148 679 1301 727 novit
1331 686 1542 729 mutare
1569 680 1915 742 sententiam,
1939 682 1982 730 si
2003 681 2172 733 homo

233 767 445 816 noverit
487 765 773 816 emendare
801 764 1073 817 delictum.
1158 767 1283 832 Ego
1326 775 1510 819 autem
1553 777 1765 820 tantam
1805 769 1966 821 fidem
1995 771 2172 823 habeo

231 853 285 904 in
315 856 422 905 tuis
463 855 815 916 orationibUS,
844 854 995 920 quod
1036 857 1080 905 si
1118 856 1353 919 jacerem
1397 859 1452 907 in
1494 858 1719 920 infern0‚
1752 859 2085 912 confiderem
2115 870 2171 913 te

230 962 328 1010 pro
358 962 443 995 me
471 962 623 995 orare
654 951 708 994 et
738 945 938 994 sentire
979 944 1202 1011 aliquod
1246 946 1507 998 levamen.
1594 947 1759 1000 Unde
1801 950 1996 1000 iterum
2030 968 2168 1017 rogo

229 1034 378 1100 quod
421 1051 510 1085 me
549 1042 887 1100 peccatorem
929 1035 1355 1098 recommendeS,
1398 1044 1459 1087 ut
1509 1039 1611 1087 mei
1666 1055 1775 1089 non
1818 1039 2170 1091 obliviscatur

228 1125 281 1174 in
309 1123 490 1186 finem,
518 1123 612 1174 sed
641 1140 766 1174 cum
796 1123 918 1174 finis
947 1124 1056 1174 vite
1086 1142 1204 1176 mee
1233 1125 1527 1188 advenerit,
1552 1128 1666 1192 ipse
1693 1130 1783 1194 qui
1805 1130 1955 1180 venit
1979 1148 2166 1196 pecca-

228 1221 371 1264 tores
395 1215 572 1265 salvos
595 1213 767 1264 facere
789 1230 876 1265 me
897 1213 966 1264 ad
990 1231 1147 1265 suam
1178 1216 1605 1268 misericordiam
1635 1217 1891 1284 dignetur
1914 1221 2160 1286 recipere.

230 1305 306 1354 Et
328 1304 425 1354 hec
455 1303 670 1355 dicebat
699 1304 862 1354 frater
892 1303 1104 1370 Helyas
1135 1321 1259 1355 cum
1289 1322 1489 1371 magna
1521 1305 1818 1359 devotione
1840 1317 1896 1359 et
1919 1309 2167 1362 lacrimis

230 1388 466 1441 Sanctus
513 1398 695 1440 autem
744 1390 1080 1452 FranciscuS,
1123 1398 1351 1456 paterna
1400 1393 1750 1445 miseratione
1797 1403 1852 1446 et
1899 1397 2168 1449 viscerosa

229 1481 435 1546 pietate
462 1488 787 1541 commotus
817 1480 1019 1531 obtulit
1061 1498 1120 1531 se
1160 1488 1441 1534 oraturum
1486 1500 1585 1548 pro
1626 1484 1731 1545 illo,
1768 1492 1821 1535 et
1850 1485 2037 1552 qu0d2
2068 1504 2167 1554 pro

225 1571 318 1621 illo
336 1587 521 1636 preces
543 1569 860 1632 effunderet,
885 1571 927 1620 si
951 1570 1277 1637 intelligeret
1299 1590 1358 1622 se
1379 1589 1497 1623 esse
1519 1573 1846 1626 exauditum
1868 1593 1898 1626 a
1917 1575 2166 1630 Domino

226 1660 293 1711 de
316 1661 658 1733 revocatione
685 1661 971 1723 sententie,
1001 1661 1209 1712 scilicet
1236 1661 1386 1728 quod
1415 1680 1525 1714 non
1555 1662 1949 1730 dampnaretur
1977 1667 2030 1716 in
2061 1665 2166 1718 fine

225 1750 323 1801 sed
365 1768 463 1816 pro
505 1758 655 1801 certo
696 1758 1032 1817 apostataret
1072 1760 1128 1802 et
1167 1760 1326 1802 extra
1366 1752 1617 1804 ordinem
1659 1753 1821 1805 finem
1863 1754 2041 1807 finiret
2069 1774 2163 1807 seu

223 1841 407 1895 vitam.
506 1840 580 1890 Et
628 1842 704 1891 ita
752 1839 964 1892 accidit,
1062 1841 1206 1892 Nam
1261 1859 1384 1892 cum
1442 1842 1764 1894 Fredericus
1814 1862 1911 1895 rex
1962 1845 2165 1912 Sycilie

223 1938 411 1981 contra
439 1930 718 1981 ecclesiam
747 1930 1066 1981 rebellasset
1094 1939 1148 1981 et
1179 1940 1402 1998 propter
1430 1932 1534 1983 hoc
1562 1950 1702 1999 papa
1731 1935 1909 2000 ipsum
1938 1952 2163 1987 excom-

224 2020 555 2071 municasset
573 2037 694 2071 cum
716 2021 969 2071 omnibus
993 2020 1092 2071 sibi
1114 2023 1381 2072 auxilium
1405 2030 1459 2073 et
1480 2023 1769 2075 consilium
1789 2026 2162 2090 prebentibus„

221 2110 385 2161 frater
427 2110 658 2177 Helyas,
686 2111 776 2176 qui
806 2111 1162 2176 reputabatur
1203 2128 1342 2162 unus
1385 2110 1454 2162 de
1495 2113 1921 2177 sapientioribus
1952 2115 2158 2177 mundi,

219 2208 447 2251 vocatus
488 2218 518 2250 a
560 2199 705 2251 dicto
750 2217 878 2266 rege
926 2200 1097 2250 factus
1145 2208 1227 2252 est
1273 2201 1487 2252 rebellis
1536 2202 1759 2253 ecclesie
1806 2211 1860 2253 et
1907 2212 2162 2270 apostata

220 2289 456 2352 ordinis3
505 2297 727 2355 propter
766 2289 917 2356 quod
961 2291 1475 2341 excommunicatus
1518 2291 1616 2342 fuit
1645 2310 1675 2342 a
1705 2309 1845 2358 papa
1887 2301 1941 2344 et
1968 2293 2158 2345 habitu

220 2397 317 2431 sue
371 2380 644 2446 religionis
707 2380 963 2445 privatus.
1068 2380 1207 2431 Cum
1270 2388 1453 2431 autem
1514 2382 1590 2431 sic
1645 2384 2155 2434 excommunicatus

222 2476 477 2543 maneret,
532 2468 836 2519 infirmatus
896 2478 978 2520 est
1038 2471 1303 2535 graviter3
1370 2488 1536 2537 quam
1599 2471 1973 2523 infirmitatem
2030 2490 2155 2525 cum

220 2558 474 2621 audisset,
504 2558 728 2625 quidam
757 2576 884 2609 suus
925 2576 1214 2625 germanus
1256 2560 1418 2611 frater
1458 2559 1679 2627 layCUS,3
1708 2563 1799 2628 qui
1831 2563 1886 2612 in
1915 2562 2157 2629 predicto

219 2648 410 2699 ordine
463 2656 805 2708 remanserat,
865 2648 1005 2699 bone
1056 2650 1168 2700 vite
1222 2657 1275 2700 et
1330 2652 1763 2702 conversationis
1818 2651 2050 2704 honeste
2102 2662 2157 2704 et

221 2738 524 2802 laudabilis,
566 2740 661 2789 ivit
700 2738 771 2789 ad
811 2738 1142 2790 visitandum
1184 2741 1380 2806 ipsum.
1467 2741 1537 2791 Et
1580 2741 1722 2792 inter
1763 2742 1869 2792 alia
1909 2759 2015 2809 que
2055 2744 2156 2794 sibi

220 2828 375 2890 dixit,
408 2829 513 2879 ait:
557 2828 750 2878 Frater
789 2828 1086 2890 karissime,
1113 2819 1371 2880 multum‘
1395 2830 1558 2881 doleo
1597 2831 1746 2897 quod
1783 2833 1910 2883 estis
1938 2849 2156 2884 excom-

220 2919 525 2969 municatus
567 2926 621 2968 et
669 2919 785 2969 sine
831 2918 1021 2969 habitu
1067 2926 1224 2970 extra
1268 2928 1420 2970 tuam
1462 2920 1708 2971 ordinem
1752 2923 2012 2974 morieris,
2094 2922 2153 2975 Si

217 3008 415 3059 videris
436 3009 580 3059 viam
604 3025 698 3074 per
718 3025 882 3075 quam
912 3008 981 3059 de
1022 3016 1180 3060 tanto
1225 3011 1463 3075 periculo
1507 3010 1790 3062 liberarem
1821 3020 1888 3074 te,
1921 3012 2153 3063 libenter

221 3115 318 3163 pro
346 3106 400 3149 te
428 3097 670 3148 laborem
699 3114 980 3149 sumerem.
1067 3098 1256 3150 Frater
1295 3117 1424 3150 vero
1469 3099 1681 3166 Helyas
1710 3102 1787 3152 ait
1817 3101 1920 3152 illi:
1963 3102 2154 3152 Frater

326 3219 341 3242 ³
356 3219 473 3258 Some
491 3220 626 3258 words
645 3219 752 3258 have
774 3218 869 3258 been
889 3219 1062 3259 omitted
1091 3219 1198 3267 ltere,
1219 3219 1321 3259 such
1343 3234 1389 3259 as
1410 3233 1533 3260 ovem
1555 3233 1636 3272 que
1657 3222 1810 3261 erravit
1830 3222 1944 3262 vadit
1963 3234 2150 3274 querere,

224 3298 363 3337 quere.

325 3353 341 3377 2
354 3354 390 3391 A
409 3355 546 3401 letter,
561 3354 809 3405 apparently
825 3367 864 3404 p,
886 3354 962 3393 has
983 3354 1087 3394 been
1108 3355 1357 3396 obliterated
1377 3356 1520 3396 before
1539 3370 1563 3408 q
1583 3356 1727 3409 (quod)
1744 3369 1752 3396 :
1785 3356 1870 3396 and
1886 3356 1959 3396 the
1974 3356 2151 3409 reading

219 3434 359 3460 seems
385 3422 533 3472 faulty.
595 3423 831 3474 Isuggest:
865 3425 945 3461 “et
975 3435 1068 3462 cum
1100 3423 1159 3475 (ον
1187 3425 1427 3475 postquam)
1459 3437 1535 3475 pro
1564 3424 1635 3464 illo
1656 3436 1803 3475 preces
1824 3424 2068 3472 effunderet,
2089 3426 2150 3464 sic

219 3488 524 3540 intelligebat.'’

326 3555 533 3596 ³Fioretti
549 3574 562 3598 .·
583 3562 607 3580 “
624 3558 694 3597 Un
714 3571 793 3598 suo
810 3558 976 3597 fratello
997 3558 1103 3597 frate
1123 3558 1232 3598 laico
1248 3559 1284 3598 ’'.
