2449 3927
354 175 787 226 FORMERLY
832 175 911 225 IN
956 173 1120 225 THE
1163 176 1567 229 PHILLIPPS
1613 178 1966 229 LIBRARY
2061 191 2125 243 57

112 326 180 387 78
315 327 368 393 (f.
424 327 574 394 IOIV)
626 327 872 389 Qualiter
912 326 1061 375 Deus
1098 326 1298 376 locutus
1349 336 1426 377 est
1462 328 1602 378 beato
1643 329 1940 382 Francz'sco.
2055 331 2133 381 Et
2144 343 2275 383 Actus
2294 355 2360 384 21.

199 417 428 483 qualiter
459 417 639 467 beatus
664 416 982 465 Francz'scus
1007 433 1225 466 crescere
1235 416 1372 480 fecz't
1409 418 1595 468 vinum
1637 419 1692 468 z'n
1733 419 1888 469 vinea
1904 429 2127 486 pauper-

200 507 310 556 culi
320 505 635 571 presbiteri}

315 595 453 648 Cum
502 602 723 646 sanctus
772 594 1090 645 Franciscus
1130 626 1202 632 —-
1247 598 1548 662 penitentie
1593 597 1933 651 redundavit.
2037 600 2129 652 Ad

202 684 419 736 laudem
467 685 682 737 Christi.
787 683 984 736 Amen.

315 801 337 858 g
369 813 384 843 Ι
411 816 419 844 :
458 799 698 843 cardinalis
720 808 949 855 protector
971 801 1072 856 (om.
1101 803 1195 856 et):
1230 800 1470 844 mandavit
1503 801 1542 844 ei
1575 803 1701 857 quod
1725 804 1898 847 veniret
1931 805 1989 848 ad
2024 820 2130 849 eum

201 879 349 920 Reate
373 878 388 933 (
403 880 488 933 for
496 876 640 933 jussit,
666 878 788 932 etc.).
859 879 881 935 ᾗ
909 889 933 918 2
955 892 963 919 :
999 875 1077 919 ubi
1103 878 1255 919 stabat
1279 886 1439 920 sancta
1472 879 1608 921 Clara
1631 879 1927 923 devotissima
1960 895 2132 937 sponsa

199 952 378 996 Christi.
448 954 755 1007 Proposuerat
788 951 920 1007 enim,
948 961 1198 1009 antequam
1233 955 1478 1009 recederet,
1510 954 1869 999 consolationem
1895 957 2047 1001 facere
2080 959 2127 1001 S.

199 1030 332 1072 Clare
355 1038 399 1072 et
420 1036 582 1084 postea
604 1030 668 1072 ire
693 1030 852 1072 Reate.
921 1029 943 1085 ἕ
970 1041 1025 1082 4:
1062 1030 1166 1073 fecit
1199 1030 1282 1073 sibi
1307 1030 1365 1074 de
1399 1030 1593 1074 craticiis
1624 1032 1847 1087 cellulam,
1872 1033 1948 1076 ubi
1983 1034 2013 1077 S
2056 1035 2130 1077 Fr.

199 1138 208 1147 .
245 1138 254 1147 .
293 1120 332 1147 .:
370 1104 681 1148 Martiriorum
726 1106 781 1161 (Ξ)
819 1107 934 1163 (for
972 1105 1200 1163 murium).
1285 1106 1307 1164 ξ
1347 1108 1405 1150 6;
1444 1115 1573 1150 tuam
1608 1107 1922 1163 dignissimam
1961 1109 2130 1153 miseri-

199 1180 397 1224 cordiam
419 1180 464 1223 in
502 1180 692 1224 diversis
715 1180 937 1236 angustiis
972 1217 980 1225 .
1014 1216 1023 1225 .
1062 1216 1071 1225 .
1107 1197 1166 1226 ne
1190 1185 1204 1240 (
1218 1186 1304 1241 for
1331 1186 1396 1239 ut)
1433 1183 1478 1226 in
1511 1184 1636 1227 nulla
1671 1184 1942 1230 turbatione.
2010 1186 2033 1244 ἕ
2070 1197 2128 1240 7:

196 1255 355 1300 omnia
377 1256 521 1300 maria
543 1257 617 1317 [cf.
654 1258 858 1311 Fz'orez‘tz',
902 1258 986 1317 19].
1075 1259 1097 1317 ξ
1140 1272 1221 1302 10:
1258 1260 1433 1302 Eamus
1467 1260 1527 1303 ad
1559 1260 1800 1304 dominum
1835 1261 2131 1306 Cardinalem

195 1335 299 1389 (om.
327 1335 488 1390 Reate)
526 1367 536 1376 .
571 1367 580 1376 .
620 1368 629 1376 .
667 1335 849 1377 Claram
873 1342 1032 1391 postea
1054 1334 1209 1378 verbis
1232 1336 1458 1379 mellifluis
1493 1344 1538 1379 et
1571 1336 1733 1381 divinis
1767 1345 1903 1394 atque
1937 1337 1978 1381 ei
2012 1339 2130 1383 vale-

193 1407 367 1452 faciens
405 1408 647 1453 humiliter.
729 1411 751 1468 g
798 1423 845 1453 11
875 1425 883 1453 :
921 1410 1171 1455 distantem
1208 1412 1323 1455 forte
1361 1427 1444 1468 per
1482 1413 1575 1456 duo
1614 1412 1826 1457 milliaria
1865 1429 1892 1458 a
1932 1413 2127 1458 civitate.

196 1486 218 1544 ξ
260 1497 341 1528 12:
377 1499 461 1528 om.
497 1485 762 1530 sacerdotis.
833 1490 855 1545 ᾖ
898 1498 980 1540 17:
1017 1487 1158 1530 filium
1196 1490 1248 1544 (1)
1288 1490 1389 1544 (for
1416 1488 1543 1545 fieri).
1628 1488 1651 1546 ἓ
1693 1490 1774 1533 18:
1812 1489 1985 1533 broculi
2024 1493 2125 1546 (om.

194 1560 355 1618 parvi).

106 1699 178 1752 79
308 1668 362 1735 (f.
403 1669 554 1736 102V)
601 1668 848 1730 Qualiter
871 1678 1081 1720 sanctus
1107 1670 1423 1721 Francz'scus
1448 1671 1702 1736 apparuit
1715 1673 1982 1738 gloriosus
2009 1690 2127 1722 cum
2145 1693 2277 1733 Actus
2298 1702 2363 1733 22,

195 1760 379 1809 multis
402 1760 605 1810 sanctis
617 1759 891 1823 frutribus
919 1757 1133 1811 ciaz‘dam
1144 1761 1329 1825 fratri
1352 1762 1552 1811 novicio
1579 1762 1636 1811 in
1664 1763 1836 1813 extasi
1857 1762 2111 1813 existenti.

311 1848 551 1916 Quidam
593 1850 809 1915 juvenis
856 1848 1015 1900 valde
1064 1850 1261 1900 nobilis
1300 1881 1372 1888 —
1414 1858 1657 1902 sanctam
1693 1852 1865 1902 vitam
1913 1853 1969 1902 in
1998 1869 2131 1918 pace

194 1938 384 1990 finivit.
465 1938 559 1989 Ad
590 1938 809 1989 laudem
841 1938 1057 1991 Christi.
1140 1939 1335 1990 Amen.

311 2055 333 2112 ᾖ
360 2068 415 2110 3:
453 2053 722 2099 deliberavit
742 2055 924 2111 penitus
958 2070 1197 2100 removere
1218 2055 1426 2099 habitum
1460 2056 1520 2099 ad
1554 2055 1696 2099 seculi
1720 2055 1942 2099 vomitum
1975 2057 2129 2101 redire.

196 2132 220 2189 ξ
259 2142 310 2187 5:
348 2131 424 2173 ubi
458 2145 512 2174 ex
543 2130 756 2187 preterito
789 2130 1135 2174 consuetudinis
1169 2130 1319 2175 studio
1350 2146 1478 2175 more
1517 2131 1650 2175 solito
1682 2132 1943 2187 genuflexit.
2012 2131 2035 2190 ἓ
2072 2144 2127 2186 7:

187 2206 378 2264 ‘drappis
406 2209 515 2266 (for
532 2206 803 2265 dyasparis).
873 2209 894 2266 ἕ
920 2221 947 2263 9
968 2222 976 2250 :
1013 2208 1074 2251 Et
1097 2207 1144 2250 in
1165 2207 1372 2263 predicta
1395 2207 1686 2264 processione
1715 2211 1824 2267 (for
1843 2210 1904 2252 Et
1926 2209 2129 2264 quasi—

194 2283 489 2339 praedictae).
570 2284 592 2341 ἕ
640 2297 720 2326 12:
756 2291 859 2340 post
899 2298 1168 2340 responsum
1209 2286 1321 2343 (for
1352 2287 1565 2341 rursum).
1651 2285 1672 2342 ξ
1720 2297 1805 2340 13:
1844 2285 1904 2328 ad
1938 2284 2131 2341 gloriam

195 2359 408 2417 paradysi
446 2359 544 2416 ipse
580 2368 625 2404 et
662 2375 746 2404 nos
779 2360 1068 2416 pervenimus
1113 2360 1281 2417 (forin
1325 2369 1485 2404 sancto
1516 2387 1574 2393 —
1609 2360 1934 2417 perducimus).

311 2439 334 2497 ξ
365 2448 418 2489 14
440 2452 449 2479 :
490 2437 584 2479 Ista
605 2451 713 2480 vero
734 2437 1008 2481 vestimenta
1030 2436 1186 2492 dispar
1207 2451 1347 2493 quam
1372 2451 1456 2480 nos
1479 2436 1542 2480 ita
1576 2438 1787 2480 decorate
1821 2445 2053 2493 portamus
2088 2446 2132 2481 et

197 2512 394 2567 gloriosa
432 2512 642 2556 claritas:
691 2514 765 2556 vel
803 2513 895 2556 sic:
952 2515 1045 2556 Ista
1078 2527 1185 2557 vero
1222 2512 1498 2557 vestimenta
1541 2513 1741 2569 disparia
1778 2528 1868 2569 que
1911 2528 1993 2557 nos
2038 2521 2131 2557 tam

195 2588 404 2631 decorate
444 2596 678 2644 portamus
716 2597 821 2631 sunt
859 2588 990 2632 nobis
1029 2596 1215 2644 propter
1245 2603 1431 2644 asperas
1464 2587 1642 2632 tunicas
1675 2602 1790 2644 quas
1824 2588 2051 2644 patienter
2084 2589 2129 2631 in

196 2663 412 2719 religione
434 2663 724 2719 portavimus.
792 2666 853 2707 Et
876 2664 1076 2720 gloriosa
1098 2664 1279 2708 claritas
1313 2700 1322 2708 .
1359 2700 1367 2708 .
1404 2698 1413 2708 .
1447 2664 1670 2708 humilem
1698 2664 1968 2721 patientiam
1991 2679 2129 2720 quam

194 2737 476 2794 portavimus
511 2772 520 2781 .
557 2773 566 2782 .
604 2774 612 2783 .
648 2739 761 2795 ylari
784 2741 913 2783 vultu
934 2740 1218 2783 servavimus
1241 2749 1286 2784 et
1307 2742 1560 2785 tenebimus
1582 2742 1692 2796 (last
1710 2743 1848 2784 word
1862 2741 2066 2784 inserted
2080 2742 2130 2784 z'n

195 2815 281 2857 red
295 2815 408 2870 mk).
476 2814 499 2871 ξ
530 2823 579 2868 15
602 2829 610 2856 :
647 2822 806 2857 contra
827 2815 1062 2858 diabolum
1084 2815 1257 2858 fortiter
1276 2815 1535 2859 dimicando
1557 2816 1857 2859 verisimiliter
1873 2825 1917 2859 te
1935 2815 2129 2860 habebis

196 2889 393 2933 similem
431 2898 608 2932 vestem
647 2890 790 2945 glorie
827 2899 873 2934 et
913 2891 1168 2934 claritatem
1211 2892 1468 2947 fulgentem
1512 2891 1703 2936 habebis
1744 2894 1811 2949 (ἒ).
1902 2892 1924 2948 ξ
1970 2892 2051 2934 16:
2083 2884 2128 2935 et

196 2965 381 3009 delicias
419 2973 590 3028 postea*
616 2967 727 3024 (sor
759 2974 809 3009 ut
847 2966 1125 3031 diVitia-5„de
1165 2971 1351 3025 cetero).

108 3086 177 3135 80
310 3071 362 3138 (f.
415 3072 561 3137 1031)
607 3070 854 3133 Qualiter
896 3073 1052 3136 lupus
1080 3073 1449 3136 ferocissimus
1477 3074 1663 3136 factus
1705 3082 1783 3123 est
1822 3081 2127 3124 mansuetus
2143 3071 2275 3111 Actus
2296 3082 2361 3121 23·

183 3171 286 3227 per
322 3161 529 3211 beatum
570 3161 930 3212 Franciscum.

309 3250 531 3301 Accidit
592 3250 873 3316 quoddam
937 3252 1180 3301 mirabile
1218 3283 1289 3289 —-
1334 3253 1420 3302 De
1479 3253 1632 3317 cujus
1674 3252 1921 3302 absentia
1981 3253 2124 3303 cives

195 3341 659 3409 quamplurimum
707 3339 1020 3403 doluerunt,
1063 3342 1156 3407 qui
1198 3341 1327 3392 dicti
1370 3342 1483 3408 lupi
1533 3341 1754 3407 pacifica
1797 3349 1852 3391 et
1892 3342 2125 3408 benigna

197 3432 478 3497 patientia,
506 3429 838 3497 quandoque
879 3448 972 3497 per
1013 3431 1290 3489 civitatem
1334 3431 1609 3497 pergebat,
1643 3432 1815 3481 sancti
1846 3432 2122 3481 Francisci

838 3572 854 3597 1
873 3576 1018 3621 Reate,
1042 3574 1212 3614 written
1234 3573 1277 3612 in
1300 3575 1478 3626 margin.
