<?xml version="1.0" encoding="UTF-8"?>
<!DOCTYPE html PUBLIC "-//W3C//DTD XHTML 1.0 Transitional//EN"
    "http://www.w3.org/TR/xhtml1/DTD/xhtml1-transitional.dtd">
<html xmlns="http://www.w3.org/1999/xhtml" xml:lang="en" lang="en">
 <head>
  <title>
</title>
<meta http-equiv="Content-Type" content="text/html;charset=utf-8" />
  <meta name='ocr-system' content='tesseract 3.04.00' />
  <meta name='ocr-capabilities' content='ocr_page ocr_carea ocr_par ocr_line ocrx_word'/>
</head>
<body>
  <div class='ocr_page' id='page_1' title='image "./collectaneafranc00litt_0068.png"; bbox 0 0 2449 3927; ppageno 0'>
   <div class='ocr_carea' id='block_1_1' title="bbox 271 174 2187 242">
    <p class='ocr_par' dir='ltr' id='par_1_1' title="bbox 271 174 2187 242">
     <span class='ocr_line' id='line_1_1' title="bbox 271 174 2187 242; baseline -0.002 -13"><span class='ocrx_word' id='word_1_1' title='bbox 271 179 336 242; x_wconf 83' lang='lat'><strong>56</strong></span> <span class='ocrx_word' id='word_1_2' title='bbox 398 177 927 229; x_wconf 81' lang='lat' dir='ltr'>DESCRIPTION</span> <span class='ocrx_word' id='word_1_3' title='bbox 953 177 1052 227; x_wconf 78' lang='lat' dir='ltr'><strong>OF</strong></span> <span class='ocrx_word' id='word_1_4' title='bbox 1075 176 1128 226; x_wconf 81' lang='lat' dir='ltr'>A</span> <span class='ocrx_word' id='word_1_5' title='bbox 1153 175 1651 228; x_wconf 75' lang='lat' dir='ltr'><strong>FRANCISCAN</strong></span> <span class='ocrx_word' id='word_1_6' title='bbox 1677 174 2187 227; x_wconf 83' lang='lat' dir='ltr'>MANUSCRIPT</span> 
     </span>
    </p>
   </div>
   <div class='ocr_carea' id='block_1_2' title="bbox 173 325 2419 829">
    <p class='ocr_par' dir='ltr' id='par_1_2' title="bbox 173 325 2419 829">
     <span class='ocr_line' id='line_1_2' title="bbox 173 325 2419 397; baseline -0.001 -15"><span class='ocrx_word' id='word_1_7' title='bbox 173 332 244 393; x_wconf 82' lang='lat'><strong>76</strong></span> <span class='ocrx_word' id='word_1_8' title='bbox 376 329 429 396; x_wconf 87' lang='lat' dir='ltr'><strong>(f.</strong></span> <span class='ocrx_word' id='word_1_9' title='bbox 471 328 625 397; x_wconf 69' lang='lat' dir='ltr'><strong>IOOV)</strong></span> <span class='ocrx_word' id='word_1_10' title='bbox 671 328 918 390; x_wconf 74' lang='lat' dir='ltr'><strong>Qualiter</strong></span> <span class='ocrx_word' id='word_1_11' title='bbox 946 326 1190 378; x_wconf 67' lang='lat' dir='ltr'><strong>Christus</strong></span> <span class='ocrx_word' id='word_1_12' title='bbox 1216 335 1267 377; x_wconf 75' lang='lat' dir='ltr'><strong>et</strong></span> <span class='ocrx_word' id='word_1_13' title='bbox 1302 326 1450 377; x_wconf 79' lang='lat' dir='ltr'><em>beuta</em></span> <span class='ocrx_word' id='word_1_14' title='bbox 1492 327 1651 394; x_wconf 78' lang='lat' dir='ltr'><em>Virgo</em></span> <span class='ocrx_word' id='word_1_15' title='bbox 1689 335 1899 377; x_wconf 77' lang='lat' dir='ltr'><strong>sauctus</strong></span> <span class='ocrx_word' id='word_1_16' title='bbox 1911 325 2187 394; x_wconf 74' lang='lat' dir='ltr'><strong>johannes</strong></span> <span class='ocrx_word' id='word_1_17' title='bbox 2202 340 2334 379; x_wconf 82' lang='lat' dir='ltr'><strong>Actus</strong></span> <span class='ocrx_word' id='word_1_18' title='bbox 2358 352 2419 389; x_wconf 87' lang='lat'><strong>19·</strong></span> 
     </span>
     <span class='ocr_line' id='line_1_3' title="bbox 262 416 2187 484; baseline -0.001 -17"><span class='ocrx_word' id='word_1_19' title='bbox 262 418 507 483; x_wconf 68' lang='lat' dir='ltr'><strong>Baptista</strong></span> <span class='ocrx_word' id='word_1_20' title='bbox 526 426 578 468; x_wconf 79' lang='lat' dir='ltr'><strong>et</strong></span> <span class='ocrx_word' id='word_1_21' title='bbox 599 425 811 467; x_wconf 79' lang='lat' dir='ltr'><strong>sanctus</strong></span> <span class='ocrx_word' id='word_1_22' title='bbox 824 417 874 484; x_wconf 91' lang='lat' dir='ltr'><em>s</em></span> <span class='ocrx_word' id='word_1_23' title='bbox 871 416 1100 466; x_wconf 70' lang='lat' dir='ltr'><strong>ohannes</strong></span> <span class='ocrx_word' id='word_1_24' title='bbox 1123 416 1477 483; x_wconf 73' lang='lat' dir='ltr'><strong>Evangelista</strong></span> <span class='ocrx_word' id='word_1_25' title='bbox 1501 433 1619 466; x_wconf 76' lang='lat' dir='ltr'><strong>cum</strong></span> <span class='ocrx_word' id='word_1_26' title='bbox 1649 416 1992 466; x_wconf 78' lang='lat' dir='ltr'><strong>multitudiue</strong></span> <span class='ocrx_word' id='word_1_27' title='bbox 2010 417 2187 482; x_wconf 78' lang='lat' dir='ltr'><em>augel-</em></span> 
     </span>
     <span class='ocr_line' id='line_1_4' title="bbox 260 505 1404 574; baseline 0 -17"><span class='ocrx_word' id='word_1_28' title='bbox 260 524 411 558; x_wconf 80' lang='lat' dir='ltr'><strong>orum</strong></span> <span class='ocrx_word' id='word_1_29' title='bbox 438 506 782 574; x_wconf 70' lang='lat' dir='ltr'><em>loquebamur</em></span> <span class='ocrx_word' id='word_1_30' title='bbox 804 524 920 556; x_wconf 78' lang='lat' dir='ltr'><strong>cum</strong></span> <span class='ocrx_word' id='word_1_31' title='bbox 947 505 1088 556; x_wconf 78' lang='lat' dir='ltr'><em>beato</em></span> <span class='ocrx_word' id='word_1_32' title='bbox 1114 507 1404 557; x_wconf 79' lang='lat' dir='ltr'><strong>Francisco.</strong></span> 
     </span>
     <span class='ocr_line' id='line_1_5' title="bbox 377 594 2185 663; baseline -0.002 -16"><span class='ocrx_word' id='word_1_33' title='bbox 377 597 514 648; x_wconf 90' lang='lat' dir='ltr'><strong>Puer</strong></span> <span class='ocrx_word' id='word_1_34' title='bbox 567 596 795 663; x_wconf 88' lang='lat' dir='ltr'><strong>quidam</strong></span> <span class='ocrx_word' id='word_1_35' title='bbox 850 596 1087 661; x_wconf 88' lang='lat' dir='ltr'><strong>puritate</strong></span> <span class='ocrx_word' id='word_1_36' title='bbox 1132 640 1141 649; x_wconf 93' lang='lat'><em>.</em></span> <span class='ocrx_word' id='word_1_37' title='bbox 1197 640 1207 650; x_wconf 92' lang='lat'><strong><em>.</em></strong></span> <span class='ocrx_word' id='word_1_38' title='bbox 1259 639 1269 648; x_wconf 89' lang='lat'><strong>.</strong></span> <span class='ocrx_word' id='word_1_39' title='bbox 1322 595 1414 646; x_wconf 92' lang='lat' dir='ltr'><strong>ubi</strong></span> <span class='ocrx_word' id='word_1_40' title='bbox 1470 596 1656 647; x_wconf 86' lang='lat' dir='ltr'><strong>fratres</strong></span> <span class='ocrx_word' id='word_1_41' title='bbox 1710 596 1765 646; x_wconf 91' lang='lat' dir='ltr'><strong>in</strong></span> <span class='ocrx_word' id='word_1_42' title='bbox 1820 594 2185 661; x_wconf 90' lang='lat' dir='ltr'><strong>Campolectis</strong></span> 
     </span>
     <span class='ocr_line' id='line_1_6' title="bbox 261 684 2187 752; baseline -0.002 -16"><span class='ocrx_word' id='word_1_43' title='bbox 261 694 481 751; x_wconf 89' lang='lat' dir='ltr'><strong>propter</strong></span> <span class='ocrx_word' id='word_1_44' title='bbox 535 687 815 752; x_wconf 90' lang='lat' dir='ltr'><strong>penuriam</strong></span> <span class='ocrx_word' id='word_1_45' title='bbox 869 685 1220 751; x_wconf 79' lang='lat' dir='ltr'><strong>quiescebant</strong></span> <span class='ocrx_word' id='word_1_46' title='bbox 1260 715 1330 722; x_wconf 93' lang='lat'><strong>—</strong></span> <span class='ocrx_word' id='word_1_47' title='bbox 1379 693 1502 750; x_wconf 88' lang='lat' dir='ltr'><strong>post</strong></span> <span class='ocrx_word' id='word_1_48' title='bbox 1547 693 1781 736; x_wconf 90' lang='lat' dir='ltr'><strong>mortem</strong></span> <span class='ocrx_word' id='word_1_49' title='bbox 1825 684 1970 735; x_wconf 88' lang='lat' dir='ltr'><strong>beati</strong></span> <span class='ocrx_word' id='word_1_50' title='bbox 2020 684 2187 734; x_wconf 86' lang='lat' dir='ltr'><strong>Fran-</strong></span> 
     </span>
     <span class='ocr_line' id='line_1_7' title="bbox 260 773 2040 829; baseline 0.002 -4"><span class='ocrx_word' id='word_1_51' title='bbox 260 776 383 826; x_wconf 90' lang='lat' dir='ltr'><strong>cisci</strong></span> <span class='ocrx_word' id='word_1_52' title='bbox 411 775 515 826; x_wconf 94' lang='lat' dir='ltr'><strong>hoc</strong></span> <span class='ocrx_word' id='word_1_53' title='bbox 542 775 794 825; x_wconf 87' lang='lat' dir='ltr'><strong>fratribus</strong></span> <span class='ocrx_word' id='word_1_54' title='bbox 822 774 1091 829; x_wconf 83' lang='lat' dir='ltr'><strong>revelavit.</strong></span> <span class='ocrx_word' id='word_1_55' title='bbox 1176 773 1268 825; x_wconf 84' lang='lat' dir='ltr'><strong>Ad</strong></span> <span class='ocrx_word' id='word_1_56' title='bbox 1296 774 1511 825; x_wconf 91' lang='lat' dir='ltr'><strong>laudern</strong></span> <span class='ocrx_word' id='word_1_57' title='bbox 1543 775 1761 829; x_wconf 82' lang='lat' dir='ltr'>Christi.</span> <span class='ocrx_word' id='word_1_58' title='bbox 1844 774 2040 828; x_wconf 86' lang='lat' dir='ltr'><strong>Amen.</strong></span> 
     </span>
    </p>
   </div>
   <div class='ocr_carea' id='block_1_3' title="bbox 259 917 2187 1052">
    <p class='ocr_par' dir='ltr' id='par_1_3' title="bbox 259 917 2187 1052">
     <span class='ocr_line' id='line_1_8' title="bbox 374 917 2187 977; baseline -0.001 -15"><span class='ocrx_word' id='word_1_59' title='bbox 374 919 397 977; x_wconf 59' lang='grc' dir='ltr'><strong>ἕ</strong></span> <span class='ocrx_word' id='word_1_60' title='bbox 423 932 479 971; x_wconf 83' lang='grc'><strong>2;</strong></span> <span class='ocrx_word' id='word_1_61' title='bbox 517 919 614 962; x_wconf 76' lang='lat' dir='ltr'><strong>add</strong></span> <span class='ocrx_word' id='word_1_62' title='bbox 638 920 788 977; x_wconf 78' lang='lat' dir='ltr'><em>before</em></span> <span class='ocrx_word' id='word_1_63' title='bbox 819 927 1058 972; x_wconf 86' lang='lat' dir='ltr'><strong>surgeret3</strong></span> <span class='ocrx_word' id='word_1_64' title='bbox 1098 927 1144 961; x_wconf 91' lang='lat' dir='ltr'><strong>ut</strong></span> <span class='ocrx_word' id='word_1_65' title='bbox 1176 932 1288 974; x_wconf 83' lang='lat' dir='ltr'><strong>sepe</strong></span> <span class='ocrx_word' id='word_1_66' title='bbox 1324 927 1640 962; x_wconf 86' lang='lat' dir='ltr'><strong>consueverat.</strong></span> <span class='ocrx_word' id='word_1_67' title='bbox 1710 919 1732 976; x_wconf 67' lang='grc' dir='ltr'>ξ</span> <span class='ocrx_word' id='word_1_68' title='bbox 1760 929 1815 971; x_wconf 88' lang='lat'><strong>7:</strong></span> <span class='ocrx_word' id='word_1_69' title='bbox 1855 926 1960 973; x_wconf 90' lang='lat' dir='ltr'><strong>post</strong></span> <span class='ocrx_word' id='word_1_70' title='bbox 1983 932 2088 960; x_wconf 90' lang='lat' dir='ltr'><strong>eum</strong></span> <span class='ocrx_word' id='word_1_71' title='bbox 2110 917 2187 961; x_wconf 89' lang='lat' dir='ltr'><strong>ivit</strong></span> 
     </span>
     <span class='ocr_line' id='line_1_9' title="bbox 259 992 2013 1052; baseline -0.001 -14"><span class='ocrx_word' id='word_1_72' title='bbox 259 995 370 1052; x_wconf 90' lang='lat' dir='ltr'><em>(for</em></span> <span class='ocrx_word' id='word_1_73' title='bbox 386 994 432 1037; x_wconf 90' lang='lat' dir='ltr'><strong>in</strong></span> <span class='ocrx_word' id='word_1_74' title='bbox 455 994 615 1038; x_wconf 88' lang='lat' dir='ltr'><strong>silvam</strong></span> <span class='ocrx_word' id='word_1_75' title='bbox 638 993 838 1050; x_wconf 87' lang='lat' dir='ltr'><strong>intravit)</strong></span> <span class='ocrx_word' id='word_1_76' title='bbox 860 1010 870 1046; x_wconf 84' lang='lat'><em>3</em></span> <span class='ocrx_word' id='word_1_77' title='bbox 902 994 1148 1037; x_wconf 89' lang='lat' dir='ltr'><strong>multorum</strong></span> <span class='ocrx_word' id='word_1_78' title='bbox 1172 992 1398 1048; x_wconf 88' lang='lat' dir='ltr'><strong>colloquia</strong></span> <span class='ocrx_word' id='word_1_79' title='bbox 1422 993 1534 1051; x_wconf 90' lang='lat' dir='ltr'><em>(for</em></span> <span class='ocrx_word' id='word_1_80' title='bbox 1550 995 1718 1037; x_wconf 91' lang='lat' dir='ltr'><strong>multos</strong></span> <span class='ocrx_word' id='word_1_81' title='bbox 1740 994 2013 1050; x_wconf 89' lang='lat' dir='ltr'><strong>loquentes).</strong></span> 
     </span>
    </p>
   </div>
   <div class='ocr_carea' id='block_1_4' title="bbox 168 1125 2419 2002">
    <p class='ocr_par' dir='ltr' id='par_1_4' title="bbox 168 1125 2419 1371">
     <span class='ocr_line' id='line_1_10' title="bbox 168 1125 2419 1196; baseline -0.001 -19"><span class='ocrx_word' id='word_1_82' title='bbox 168 1137 237 1189; x_wconf 94' lang='lat'><strong>77</strong></span> <span class='ocrx_word' id='word_1_83' title='bbox 371 1127 423 1194; x_wconf 88' lang='lat' dir='ltr'><strong>(f.</strong></span> <span class='ocrx_word' id='word_1_84' title='bbox 465 1126 610 1196; x_wconf 58' lang='lat'>1011)</span> <span class='ocrx_word' id='word_1_85' title='bbox 650 1127 736 1176; x_wconf 80' lang='lat' dir='ltr'><strong>De</strong></span> <span class='ocrx_word' id='word_1_86' title='bbox 760 1126 1061 1191; x_wconf 68' lang='lat' dir='ltr'><strong>provisione</strong></span> <span class='ocrx_word' id='word_1_87' title='bbox 1097 1126 1286 1175; x_wconf 75' lang='lat' dir='ltr'><em>diviua</em></span> <span class='ocrx_word' id='word_1_88' title='bbox 1323 1144 1485 1192; x_wconf 78' lang='lat' dir='ltr'><strong>quum</strong></span> <span class='ocrx_word' id='word_1_89' title='bbox 1526 1125 1675 1176; x_wconf 81' lang='lat' dir='ltr'><strong>Deus</strong></span> <span class='ocrx_word' id='word_1_90' title='bbox 1696 1127 1836 1190; x_wconf 71' lang='lat' dir='ltr'><strong>fecit</strong></span> <span class='ocrx_word' id='word_1_91' title='bbox 1872 1127 1928 1177; x_wconf 75' lang='lat'>2&#39;72</span> <span class='ocrx_word' id='word_1_92' title='bbox 1966 1126 2187 1192; x_wconf 76' lang='lat' dir='ltr'><strong>capitulo</strong></span> <span class='ocrx_word' id='word_1_93' title='bbox 2202 1146 2335 1185; x_wconf 85' lang='lat' dir='ltr'><strong>Actus</strong></span> <span class='ocrx_word' id='word_1_94' title='bbox 2355 1157 2419 1185; x_wconf 71' lang='lat'><strong>20,</strong></span> 
     </span>
     <span class='ocr_line' id='line_1_11' title="bbox 246 1215 2186 1285; baseline 0 -19"><span class='ocrx_word' id='word_1_95' title='bbox 246 1217 495 1285; x_wconf 75' lang='lat' dir='ltr'><em>generali</em></span> <span class='ocrx_word' id='word_1_96' title='bbox 536 1225 756 1282; x_wconf 76' lang='lat' dir='ltr'><strong>tempore</strong></span> <span class='ocrx_word' id='word_1_97' title='bbox 807 1215 949 1266; x_wconf 76' lang='lat' dir='ltr'><strong>beati</strong></span> <span class='ocrx_word' id='word_1_98' title='bbox 995 1216 1272 1266; x_wconf 59' lang='lat' dir='ltr'><strong>Franczlrcz&#39;</strong></span> <span class='ocrx_word' id='word_1_99' title='bbox 1320 1224 1371 1265; x_wconf 80' lang='lat' dir='ltr'><strong>et</strong></span> <span class='ocrx_word' id='word_1_100' title='bbox 1404 1224 1639 1281; x_wconf 67' lang='lat' dir='ltr'><strong>presente</strong></span> <span class='ocrx_word' id='word_1_101' title='bbox 1689 1225 1865 1266; x_wconf 79' lang='lat' dir='ltr'><strong>sancto</strong></span> <span class='ocrx_word' id='word_1_102' title='bbox 1909 1217 2186 1267; x_wconf 77' lang='lat' dir='ltr'><strong>Domz&#39;nz&#39;co</strong></span> 
     </span>
     <span class='ocr_line' id='line_1_12' title="bbox 256 1307 547 1371; baseline 0.014 -15"><span class='ocrx_word' id='word_1_103' title='bbox 256 1307 547 1371; x_wconf 78' lang='lat' dir='ltr'><strong>confessore.</strong></span> 
     </span>
    </p>

    <p class='ocr_par' dir='ltr' id='par_1_5' title="bbox 252 1394 2185 2002">
     <span class='ocr_line' id='line_1_13' title="bbox 372 1394 2184 1462; baseline 0.001 -16"><span class='ocrx_word' id='word_1_104' title='bbox 372 1396 436 1446; x_wconf 91' lang='lat' dir='ltr'><strong>In</strong></span> <span class='ocrx_word' id='word_1_105' title='bbox 483 1394 722 1462; x_wconf 88' lang='lat' dir='ltr'><strong>quodam</strong></span> <span class='ocrx_word' id='word_1_106' title='bbox 769 1395 1008 1461; x_wconf 90' lang='lat' dir='ltr'><strong>capitulo</strong></span> <span class='ocrx_word' id='word_1_107' title='bbox 1054 1395 1287 1462; x_wconf 85' lang='lat' dir='ltr'><strong>generali</strong></span> <span class='ocrx_word' id='word_1_108' title='bbox 1341 1395 1491 1462; x_wconf 82' lang='lat' dir='ltr'><strong>quod</strong></span> <span class='ocrx_word' id='word_1_109' title='bbox 1537 1395 1710 1446; x_wconf 88' lang='lat' dir='ltr'><strong>fidelis</strong></span> <span class='ocrx_word' id='word_1_110' title='bbox 1755 1396 1954 1448; x_wconf 81' lang='lat' dir='ltr'>Christi</span> <span class='ocrx_word' id='word_1_111' title='bbox 2000 1413 2184 1447; x_wconf 90' lang='lat' dir='ltr'><strong>servus</strong></span> 
     </span>
     <span class='ocr_line' id='line_1_14' title="bbox 256 1484 2184 1552; baseline -0.001 -16"><span class='ocrx_word' id='word_1_112' title='bbox 256 1486 572 1536; x_wconf 85' lang='lat' dir='ltr'><strong>Franciscus</strong></span> <span class='ocrx_word' id='word_1_113' title='bbox 620 1487 674 1535; x_wconf 90' lang='lat' dir='ltr'><strong>in</strong></span> <span class='ocrx_word' id='word_1_114' title='bbox 721 1485 946 1551; x_wconf 75' lang='lat' dir='ltr'><strong>planitie</strong></span> <span class='ocrx_word' id='word_1_115' title='bbox 995 1484 1195 1536; x_wconf 80' lang='lat' dir='ltr'><strong>Sancte</strong></span> <span class='ocrx_word' id='word_1_116' title='bbox 1250 1486 1422 1536; x_wconf 90' lang='lat' dir='ltr'><strong>Marie</strong></span> <span class='ocrx_word' id='word_1_117' title='bbox 1476 1485 1544 1537; x_wconf 94' lang='lat' dir='ltr'><strong>de</strong></span> <span class='ocrx_word' id='word_1_118' title='bbox 1598 1485 1825 1552; x_wconf 78' lang='lat' dir='ltr'><strong>Angelis</strong></span> <span class='ocrx_word' id='word_1_119' title='bbox 1879 1486 2184 1548; x_wconf 86' lang='lat' dir='ltr'><strong>celebravit,</strong></span> 
     </span>
     <span class='ocr_line' id='line_1_15' title="bbox 254 1575 2183 1643; baseline 0 -17"><span class='ocrx_word' id='word_1_120' title='bbox 254 1576 566 1642; x_wconf 83' lang='lat' dir='ltr'><strong>congregati</strong></span> <span class='ocrx_word' id='word_1_121' title='bbox 615 1583 742 1625; x_wconf 89' lang='lat' dir='ltr'><strong>sunt</strong></span> <span class='ocrx_word' id='word_1_122' title='bbox 788 1575 928 1626; x_wconf 91' lang='lat' dir='ltr'><strong>ultra</strong></span> <span class='ocrx_word' id='word_1_123' title='bbox 982 1577 1223 1643; x_wconf 88' lang='lat' dir='ltr'><strong>quinque</strong></span> <span class='ocrx_word' id='word_1_124' title='bbox 1278 1576 1444 1626; x_wconf 87' lang='lat' dir='ltr'><strong>millia</strong></span> <span class='ocrx_word' id='word_1_125' title='bbox 1499 1576 1723 1627; x_wconf 80' lang='lat' dir='ltr'><strong>fratrum</strong></span> <span class='ocrx_word' id='word_1_126' title='bbox 1765 1607 1836 1612; x_wconf 91' lang='lat'><strong>——</strong></span> <span class='ocrx_word' id='word_1_127' title='bbox 1880 1575 2081 1626; x_wconf 91' lang='lat' dir='ltr'><strong>docens</strong></span> <span class='ocrx_word' id='word_1_128' title='bbox 2129 1584 2183 1626; x_wconf 88' lang='lat' dir='ltr'><strong>et</strong></span> 
     </span>
     <span class='ocr_line' id='line_1_16' title="bbox 253 1665 2182 1732; baseline -0.001 -16"><span class='ocrx_word' id='word_1_129' title='bbox 253 1666 568 1716; x_wconf 89' lang='lat' dir='ltr'><strong>confortans</strong></span> <span class='ocrx_word' id='word_1_130' title='bbox 615 1666 911 1726; x_wconf 84' lang='lat' dir='ltr'><strong>universos,</strong></span> <span class='ocrx_word' id='word_1_131' title='bbox 962 1673 1018 1716; x_wconf 94' lang='lat' dir='ltr'><strong>et</strong></span> <span class='ocrx_word' id='word_1_132' title='bbox 1065 1668 1332 1716; x_wconf 91' lang='lat' dir='ltr'><strong>instruens</strong></span> <span class='ocrx_word' id='word_1_133' title='bbox 1380 1665 1664 1732; x_wconf 87' lang='lat' dir='ltr'><strong>quomodo</strong></span> <span class='ocrx_word' id='word_1_134' title='bbox 1722 1666 1973 1716; x_wconf 87' lang='lat' dir='ltr'><strong>universo</strong></span> <span class='ocrx_word' id='word_1_135' title='bbox 2019 1665 2182 1716; x_wconf 91' lang='lat' dir='ltr'><strong>seculi</strong></span> 
     </span>
     <span class='ocr_line' id='line_1_17' title="bbox 252 1755 2185 1822; baseline 0.001 -18"><span class='ocrx_word' id='word_1_136' title='bbox 252 1756 488 1822; x_wconf 76' lang='lat' dir='ltr'><strong>presenti</strong></span> <span class='ocrx_word' id='word_1_137' title='bbox 534 1772 645 1805; x_wconf 91' lang='lat' dir='ltr'><strong>non</strong></span> <span class='ocrx_word' id='word_1_138' title='bbox 695 1773 879 1805; x_wconf 88' lang='lat' dir='ltr'><strong>curare</strong></span> <span class='ocrx_word' id='word_1_139' title='bbox 933 1756 1206 1816; x_wconf 90' lang='lat' dir='ltr'><strong>deberent,</strong></span> <span class='ocrx_word' id='word_1_140' title='bbox 1260 1764 1314 1806; x_wconf 93' lang='lat' dir='ltr'><strong>et</strong></span> <span class='ocrx_word' id='word_1_141' title='bbox 1369 1773 1492 1806; x_wconf 89' lang='lat' dir='ltr'><strong>cum</strong></span> <span class='ocrx_word' id='word_1_142' title='bbox 1548 1755 1925 1816; x_wconf 90' lang='lat' dir='ltr'><strong>benedictione</strong></span> <span class='ocrx_word' id='word_1_143' title='bbox 1972 1755 2075 1805; x_wconf 89' lang='lat' dir='ltr'><strong>Dei</strong></span> <span class='ocrx_word' id='word_1_144' title='bbox 2124 1772 2185 1805; x_wconf 83' lang='lat' dir='ltr'><strong>ac</strong></span> 
     </span>
     <span class='ocr_line' id='line_1_18' title="bbox 252 1844 2184 1911; baseline -0.001 -15"><span class='ocrx_word' id='word_1_145' title='bbox 252 1845 423 1896; x_wconf 89' lang='lat' dir='ltr'><strong>letitia</strong></span> <span class='ocrx_word' id='word_1_146' title='bbox 440 1844 723 1911; x_wconf 86' lang='lat' dir='ltr'><strong>spirituali,</strong></span> <span class='ocrx_word' id='word_1_147' title='bbox 746 1846 1024 1896; x_wconf 86' lang='lat' dir='ltr'><strong>universos</strong></span> <span class='ocrx_word' id='word_1_148' title='bbox 1047 1847 1249 1896; x_wconf 87' lang='lat' dir='ltr'><strong>remisit</strong></span> <span class='ocrx_word' id='word_1_149' title='bbox 1272 1846 1583 1896; x_wconf 88' lang='lat' dir='ltr'><strong>consolatos</strong></span> <span class='ocrx_word' id='word_1_150' title='bbox 1607 1845 1675 1895; x_wconf 88' lang='lat' dir='ltr'><strong>ad</strong></span> <span class='ocrx_word' id='word_1_151' title='bbox 1700 1846 1978 1896; x_wconf 85' lang='lat' dir='ltr'><strong>universas</strong></span> <span class='ocrx_word' id='word_1_152' title='bbox 1998 1844 2184 1895; x_wconf 90' lang='lat' dir='ltr'><strong>mundi</strong></span> 
     </span>
     <span class='ocr_line' id='line_1_19' title="bbox 252 1933 1509 2002; baseline -0.001 -16"><span class='ocrx_word' id='word_1_153' title='bbox 252 1936 572 2002; x_wconf 87' lang='lat' dir='ltr'><strong>provincias.</strong></span> <span class='ocrx_word' id='word_1_154' title='bbox 656 1933 749 1984; x_wconf 82' lang='lat' dir='ltr'><strong>Ad</strong></span> <span class='ocrx_word' id='word_1_155' title='bbox 778 1935 994 1985; x_wconf 88' lang='lat' dir='ltr'><strong>laudem</strong></span> <span class='ocrx_word' id='word_1_156' title='bbox 1017 1935 1229 1987; x_wconf 86' lang='lat' dir='ltr'><strong>Christi.</strong></span> <span class='ocrx_word' id='word_1_157' title='bbox 1312 1935 1509 1986; x_wconf 82' lang='lat' dir='ltr'><strong>Amen.</strong></span> 
     </span>
    </p>
   </div>
   <div class='ocr_carea' id='block_1_5' title="bbox 247 2077 2187 2598">
    <p class='ocr_par' dir='ltr' id='par_1_6' title="bbox 247 2077 2187 2598">
     <span class='ocr_line' id='line_1_20' title="bbox 365 2077 2184 2139; baseline 0 -18"><span class='ocrx_word' id='word_1_158' title='bbox 365 2088 461 2133; x_wconf 70' lang='lat' dir='ltr'><strong>§zz</strong></span> <span class='ocrx_word' id='word_1_159' title='bbox 508 2077 653 2121; x_wconf 84' lang='lat' dir='ltr'><strong>Affuit</strong></span> <span class='ocrx_word' id='word_1_160' title='bbox 697 2077 885 2135; x_wconf 86' lang='lat' dir='ltr'><strong>insuper</strong></span> <span class='ocrx_word' id='word_1_161' title='bbox 917 2078 979 2122; x_wconf 90' lang='lat' dir='ltr'><strong>ibi</strong></span> <span class='ocrx_word' id='word_1_162' title='bbox 1013 2078 1227 2122; x_wconf 88' lang='lat' dir='ltr'><strong>dominus</strong></span> <span class='ocrx_word' id='word_1_163' title='bbox 1262 2078 1521 2122; x_wconf 87' lang='lat' dir='ltr'><strong>Cardinalis</strong></span> <span class='ocrx_word' id='word_1_164' title='bbox 1562 2077 1858 2135; x_wconf 83' lang='lat' dir='ltr'><strong>[Hostiensis‚</strong></span> <span class='ocrx_word' id='word_1_165' title='bbox 1895 2080 1945 2123; x_wconf 78' lang='lat' dir='ltr'><strong>in</strong></span> <span class='ocrx_word' id='word_1_166' title='bbox 1980 2080 2184 2139; x_wconf 77' lang='lat' dir='ltr'><strong>margin]</strong></span> 
     </span>
     <span class='ocr_line' id='line_1_21' title="bbox 250 2154 2184 2211; baseline -0.001 -12"><span class='ocrx_word' id='word_1_167' title='bbox 250 2156 386 2199; x_wconf 90' lang='lat' dir='ltr'><strong>valde</strong></span> <span class='ocrx_word' id='word_1_168' title='bbox 409 2155 600 2198; x_wconf 89' lang='lat' dir='ltr'><strong>devotus</strong></span> <span class='ocrx_word' id='word_1_169' title='bbox 623 2155 666 2197; x_wconf 91' lang='lat' dir='ltr'><strong>b.</strong></span> <span class='ocrx_word' id='word_1_170' title='bbox 705 2154 951 2199; x_wconf 87' lang='lat' dir='ltr'><strong>Francisco</strong></span> <span class='ocrx_word' id='word_1_171' title='bbox 985 2164 1030 2199; x_wconf 94' lang='lat' dir='ltr'><strong>et</strong></span> <span class='ocrx_word' id='word_1_172' title='bbox 1063 2155 1208 2198; x_wconf 88' lang='lat' dir='ltr'><strong>ordini</strong></span> <span class='ocrx_word' id='word_1_173' title='bbox 1243 2155 1315 2198; x_wconf 89' lang='lat' dir='ltr'><strong>cui</strong></span> <span class='ocrx_word' id='word_1_174' title='bbox 1341 2156 1503 2199; x_wconf 88' lang='lat' dir='ltr'><strong>beatus</strong></span> <span class='ocrx_word' id='word_1_175' title='bbox 1539 2155 1811 2199; x_wconf 88' lang='lat' dir='ltr'><strong>Franciscus</strong></span> <span class='ocrx_word' id='word_1_176' title='bbox 1846 2155 2036 2211; x_wconf 87' lang='lat' dir='ltr'><strong>predixit</strong></span> <span class='ocrx_word' id='word_1_177' title='bbox 2057 2155 2184 2210; x_wconf 90' lang='lat' dir='ltr'><strong>quod</strong></span> 
     </span>
     <span class='ocr_line' id='line_1_22' title="bbox 248 2230 2185 2287; baseline -0.002 -11"><span class='ocrx_word' id='word_1_178' title='bbox 248 2233 451 2276; x_wconf 83' lang='lat' dir='ltr'><strong>debebat</strong></span> <span class='ocrx_word' id='word_1_179' title='bbox 473 2245 575 2274; x_wconf 88' lang='lat' dir='ltr'><strong>esse</strong></span> <span class='ocrx_word' id='word_1_180' title='bbox 610 2245 743 2287; x_wconf 86' lang='lat' dir='ltr'><strong>papa,</strong></span> <span class='ocrx_word' id='word_1_181' title='bbox 769 2239 813 2275; x_wconf 89' lang='lat' dir='ltr'><strong>et</strong></span> <span class='ocrx_word' id='word_1_182' title='bbox 845 2231 908 2275; x_wconf 86' lang='lat' dir='ltr'><strong>ita</strong></span> <span class='ocrx_word' id='word_1_183' title='bbox 942 2232 1035 2275; x_wconf 91' lang='lat' dir='ltr'><strong>fuit.</strong></span> <span class='ocrx_word' id='word_1_184' title='bbox 1104 2233 1221 2274; x_wconf 92' lang='lat' dir='ltr'><strong>Cum</strong></span> <span class='ocrx_word' id='word_1_185' title='bbox 1255 2246 1367 2286; x_wconf 85' lang='lat' dir='ltr'><strong>ergo</strong></span> <span class='ocrx_word' id='word_1_186' title='bbox 1403 2231 1529 2274; x_wconf 89' lang='lat' dir='ltr'><strong>curia</strong></span> <span class='ocrx_word' id='word_1_187' title='bbox 1561 2230 1734 2274; x_wconf 91' lang='lat' dir='ltr'><strong>domini</strong></span> <span class='ocrx_word' id='word_1_188' title='bbox 1766 2246 1886 2287; x_wconf 87' lang='lat' dir='ltr'><strong>pape</strong></span> <span class='ocrx_word' id='word_1_189' title='bbox 1920 2240 2042 2274; x_wconf 89' lang='lat' dir='ltr'><strong>esset</strong></span> <span class='ocrx_word' id='word_1_190' title='bbox 2074 2239 2185 2274; x_wconf 88' lang='lat' dir='ltr'><strong>tunc</strong></span> 
     </span>
     <span class='ocr_line' id='line_1_23' title="bbox 251 2306 2185 2372; baseline -0.002 -20"><span class='ocrx_word' id='word_1_191' title='bbox 251 2309 437 2352; x_wconf 90' lang='lat' dir='ltr'><strong>Perusii.</strong></span> <span class='ocrx_word' id='word_1_192' title='bbox 508 2314 531 2372; x_wconf 61' lang='grc' dir='ltr'>ξ</span> <span class='ocrx_word' id='word_1_193' title='bbox 558 2322 611 2363; x_wconf 82' lang='lat'><strong>3:</strong></span> <span class='ocrx_word' id='word_1_194' title='bbox 652 2322 833 2352; x_wconf 86' lang='lat' dir='ltr'><strong>sacrum</strong></span> <span class='ocrx_word' id='word_1_195' title='bbox 867 2311 979 2367; x_wconf 84' lang='lat' dir='ltr'><em>(sor</em></span> <span class='ocrx_word' id='word_1_196' title='bbox 1007 2309 1246 2365; x_wconf 89' lang='lat' dir='ltr'><strong>sanctum).</strong></span> <span class='ocrx_word' id='word_1_197' title='bbox 1316 2308 1338 2365; x_wconf 64' lang='grc' dir='ltr'>ξ</span> <span class='ocrx_word' id='word_1_198' title='bbox 1379 2318 1429 2362; x_wconf 87' lang='lat'><strong>5:</strong></span> <span class='ocrx_word' id='word_1_199' title='bbox 1472 2309 1582 2350; x_wconf 89' lang='lat' dir='ltr'><strong>Non</strong></span> <span class='ocrx_word' id='word_1_200' title='bbox 1616 2306 1738 2351; x_wconf 91' lang='lat' dir='ltr'><strong>enim</strong></span> <span class='ocrx_word' id='word_1_201' title='bbox 1772 2306 2045 2350; x_wconf 87' lang='lat' dir='ltr'><strong>audiebatur</strong></span> <span class='ocrx_word' id='word_1_202' title='bbox 2066 2306 2185 2350; x_wconf 88' lang='lat' dir='ltr'><strong>inter</strong></span> 
     </span>
     <span class='ocr_line' id='line_1_24' title="bbox 249 2382 2187 2444; baseline -0.002 -16"><span class='ocrx_word' id='word_1_203' title='bbox 249 2399 331 2428; x_wconf 92' lang='lat' dir='ltr'><strong>eos</strong></span> <span class='ocrx_word' id='word_1_204' title='bbox 355 2385 517 2442; x_wconf 86' lang='lat' dir='ltr'><strong>aliquis</strong></span> <span class='ocrx_word' id='word_1_205' title='bbox 541 2387 694 2431; x_wconf 88' lang='lat' dir='ltr'><strong>dicere</strong></span> <span class='ocrx_word' id='word_1_206' title='bbox 727 2385 906 2428; x_wconf 85' lang='lat' dir='ltr'><strong>fabulas</strong></span> <span class='ocrx_word' id='word_1_207' title='bbox 939 2385 1014 2427; x_wconf 88' lang='lat' dir='ltr'><strong>vel</strong></span> <span class='ocrx_word' id='word_1_208' title='bbox 1046 2384 1185 2427; x_wconf 87' lang='lat' dir='ltr'><strong>trufas</strong></span> <span class='ocrx_word' id='word_1_209' title='bbox 1220 2382 1293 2441; x_wconf 71' lang='lat' dir='ltr'><em>[cf.</em></span> <span class='ocrx_word' id='word_1_210' title='bbox 1328 2384 1537 2438; x_wconf 80' lang='lat' dir='ltr'><strong>Fz&#39;oretti‚</strong></span> <span class='ocrx_word' id='word_1_211' title='bbox 1563 2384 1622 2444; x_wconf 84' lang='lat'><strong>8].</strong></span> <span class='ocrx_word' id='word_1_212' title='bbox 1693 2382 1795 2440; x_wconf 63' lang='lat'><strong>§62</strong></span> <span class='ocrx_word' id='word_1_213' title='bbox 1834 2383 1975 2426; x_wconf 89' lang='lat' dir='ltr'><strong>Unde</strong></span> <span class='ocrx_word' id='word_1_214' title='bbox 1998 2391 2187 2438; x_wconf 85' lang='lat' dir='ltr'><strong>propter</strong></span> 
     </span>
     <span class='ocr_line' id='line_1_25' title="bbox 248 2459 2183 2516; baseline -0.001 -13"><span class='ocrx_word' id='word_1_215' title='bbox 248 2461 341 2504; x_wconf 93' lang='lat' dir='ltr'><strong>hoc</strong></span> <span class='ocrx_word' id='word_1_216' title='bbox 380 2470 571 2506; x_wconf 89' lang='lat' dir='ltr'><strong>vocatus</strong></span> <span class='ocrx_word' id='word_1_217' title='bbox 609 2462 692 2506; x_wconf 87' lang='lat' dir='ltr'><strong>fuit</strong></span> <span class='ocrx_word' id='word_1_218' title='bbox 731 2475 920 2516; x_wconf 86' lang='lat' dir='ltr'><strong>campus</strong></span> <span class='ocrx_word' id='word_1_219' title='bbox 959 2461 1017 2503; x_wconf 92' lang='lat' dir='ltr'><strong>de</strong></span> <span class='ocrx_word' id='word_1_220' title='bbox 1063 2459 1272 2503; x_wconf 82' lang='lat' dir='ltr'><strong>craticiis.</strong></span> <span class='ocrx_word' id='word_1_221' title='bbox 1343 2459 1469 2503; x_wconf 88' lang='lat' dir='ltr'><strong>Lecti</strong></span> <span class='ocrx_word' id='word_1_222' title='bbox 1508 2474 1619 2503; x_wconf 88' lang='lat' dir='ltr'><strong>vero</strong></span> <span class='ocrx_word' id='word_1_223' title='bbox 1659 2473 1820 2502; x_wconf 92' lang='lat' dir='ltr'><strong>eorum</strong></span> <span class='ocrx_word' id='word_1_224' title='bbox 1856 2460 1914 2502; x_wconf 92' lang='lat' dir='ltr'><strong>de</strong></span> <span class='ocrx_word' id='word_1_225' title='bbox 1950 2467 2071 2502; x_wconf 86' lang='lat' dir='ltr'><strong>terra</strong></span> <span class='ocrx_word' id='word_1_226' title='bbox 2108 2460 2183 2502; x_wconf 89' lang='lat' dir='ltr'><strong>vel</strong></span> 
     </span>
     <span class='ocr_line' id='line_1_26' title="bbox 247 2534 2183 2598; baseline -0.001 -18"><span class='ocrx_word' id='word_1_227' title='bbox 247 2537 430 2581; x_wconf 86' lang='lat' dir='ltr'><strong>modica</strong></span> <span class='ocrx_word' id='word_1_228' title='bbox 461 2540 610 2593; x_wconf 84' lang='lat' dir='ltr'><strong>palea.</strong></span> <span class='ocrx_word' id='word_1_229' title='bbox 680 2540 701 2598; x_wconf 57' lang='grc' dir='ltr'><strong>ἓ</strong></span> <span class='ocrx_word' id='word_1_230' title='bbox 744 2538 799 2580; x_wconf 83' lang='grc'><strong>8;</strong></span> <span class='ocrx_word' id='word_1_231' title='bbox 838 2537 1076 2592; x_wconf 87' lang='lat' dir='ltr'><strong>sequenda</strong></span> <span class='ocrx_word' id='word_1_232' title='bbox 1109 2535 1304 2591; x_wconf 87' lang='lat' dir='ltr'><strong>vestigia</strong></span> <span class='ocrx_word' id='word_1_233' title='bbox 1338 2537 1453 2594; x_wconf 84' lang='lat' dir='ltr'><em>(sor</em></span> <span class='ocrx_word' id='word_1_234' title='bbox 1467 2537 1672 2592; x_wconf 86' lang='lat' dir='ltr'><strong>pascua).</strong></span> <span class='ocrx_word' id='word_1_235' title='bbox 1742 2535 1764 2592; x_wconf 63' lang='grc' dir='ltr'><strong>ξ</strong></span> <span class='ocrx_word' id='word_1_236' title='bbox 1804 2549 1864 2590; x_wconf 82' lang='lat'><strong>9:</strong></span> <span class='ocrx_word' id='word_1_237' title='bbox 1901 2536 2060 2578; x_wconf 88' lang='lat' dir='ltr'><strong>Verba</strong></span> <span class='ocrx_word' id='word_1_238' title='bbox 2094 2534 2183 2579; x_wconf 90' lang='lat' dir='ltr'><strong>vite</strong></span> 
     </span>
    </p>
   </div>
   <div class='ocr_carea' id='block_1_6' title="bbox 246 2610 2183 2822">
    <p class='ocr_par' dir='ltr' id='par_1_7' title="bbox 246 2610 2183 2822">
     <span class='ocr_line' id='line_1_27' title="bbox 343 2610 2182 2670; baseline -0.002 -14"><span class='ocrx_word' id='word_1_239' title='bbox 343 2648 352 2656; x_wconf 94' lang='lat'>.</span> <span class='ocrx_word' id='word_1_240' title='bbox 388 2628 503 2657; x_wconf 91' lang='lat' dir='ltr'><strong>voce</strong></span> <span class='ocrx_word' id='word_1_241' title='bbox 529 2614 726 2658; x_wconf 90' lang='lat' dir='ltr'><strong>altisona</strong></span> <span class='ocrx_word' id='word_1_242' title='bbox 759 2646 768 2655; x_wconf 92' lang='lat'><strong>.</strong></span> <span class='ocrx_word' id='word_1_243' title='bbox 805 2647 814 2655; x_wconf 91' lang='lat'>.</span> <span class='ocrx_word' id='word_1_244' title='bbox 852 2646 860 2655; x_wconf 89' lang='lat'>.</span> <span class='ocrx_word' id='word_1_245' title='bbox 897 2627 987 2668; x_wconf 90' lang='lat' dir='ltr'><strong>que</strong></span> <span class='ocrx_word' id='word_1_246' title='bbox 1023 2646 1031 2655; x_wconf 91' lang='lat'><em>.</em></span> <span class='ocrx_word' id='word_1_247' title='bbox 1069 2646 1077 2655; x_wconf 95' lang='lat'>.</span> <span class='ocrx_word' id='word_1_248' title='bbox 1116 2646 1124 2654; x_wconf 95' lang='lat'><strong>.</strong></span> <span class='ocrx_word' id='word_1_249' title='bbox 1194 2612 1216 2670; x_wconf 56' lang='lat' dir='ltr'>g</span> <span class='ocrx_word' id='word_1_250' title='bbox 1247 2625 1329 2655; x_wconf 91' lang='lat'><strong>10:</strong></span> <span class='ocrx_word' id='word_1_251' title='bbox 1369 2613 1548 2666; x_wconf 85' lang='lat' dir='ltr'><strong>Magna</strong></span> <span class='ocrx_word' id='word_1_252' title='bbox 1580 2610 1875 2667; x_wconf 88' lang='lat' dir='ltr'><strong>promisimus</strong></span> <span class='ocrx_word' id='word_1_253' title='bbox 1898 2612 1982 2654; x_wconf 91' lang='lat' dir='ltr'><strong>sed</strong></span> <span class='ocrx_word' id='word_1_254' title='bbox 2005 2612 2182 2668; x_wconf 87' lang='lat' dir='ltr'><strong>majora</strong></span> 
     </span>
     <span class='ocr_line' id='line_1_28' title="bbox 246 2687 2180 2747; baseline -0.002 -14"><span class='ocrx_word' id='word_1_255' title='bbox 246 2689 472 2746; x_wconf 88' lang='lat' dir='ltr'><strong>promissa</strong></span> <span class='ocrx_word' id='word_1_256' title='bbox 493 2699 598 2733; x_wconf 91' lang='lat' dir='ltr'><strong>sunt</strong></span> <span class='ocrx_word' id='word_1_257' title='bbox 621 2689 757 2733; x_wconf 91' lang='lat' dir='ltr'><strong>nobis</strong></span> <span class='ocrx_word' id='word_1_258' title='bbox 780 2688 816 2732; x_wconf 92' lang='lat' dir='ltr'><strong>si</strong></span> <span class='ocrx_word' id='word_1_259' title='bbox 839 2703 1074 2732; x_wconf 87' lang='lat' dir='ltr'><strong>servemus</strong></span> <span class='ocrx_word' id='word_1_260' title='bbox 1109 2702 1177 2731; x_wconf 86' lang='lat' dir='ltr'><strong>ea.</strong></span> <span class='ocrx_word' id='word_1_261' title='bbox 1243 2687 1515 2744; x_wconf 86' lang='lat' dir='ltr'><strong>Aspiremus</strong></span> <span class='ocrx_word' id='word_1_262' title='bbox 1548 2688 1608 2730; x_wconf 89' lang='lat' dir='ltr'><strong>ad</strong></span> <span class='ocrx_word' id='word_1_263' title='bbox 1641 2687 1729 2730; x_wconf 87' lang='lat' dir='ltr'><strong>illa.</strong></span> <span class='ocrx_word' id='word_1_264' title='bbox 1799 2689 1850 2747; x_wconf 59' lang='lat' dir='ltr'><strong>§g</strong></span> <span class='ocrx_word' id='word_1_265' title='bbox 1892 2699 2055 2740; x_wconf 86' lang='lat'>12-14:</span> <span class='ocrx_word' id='word_1_266' title='bbox 2099 2688 2180 2730; x_wconf 93' lang='lat' dir='ltr'><strong>Ph.</strong></span> 
     </span>
     <span class='ocr_line' id='line_1_29' title="bbox 246 2757 2183 2822; baseline -0.002 -13"><span class='ocrx_word' id='word_1_267' title='bbox 246 2781 334 2809; x_wconf 89' lang='lat' dir='ltr'><strong>om.</strong></span> <span class='ocrx_word' id='word_1_268' title='bbox 361 2766 420 2810; x_wconf 84' lang='lat' dir='ltr'><strong>ad</strong></span> <span class='ocrx_word' id='word_1_269' title='bbox 452 2767 609 2810; x_wconf 93' lang='lat' dir='ltr'><strong>mundi</strong></span> <span class='ocrx_word' id='word_1_270' title='bbox 645 2773 962 2821; x_wconf 89' lang='lat' dir='ltr'><strong>contemptum</strong></span> <span class='ocrx_word' id='word_1_271' title='bbox 996 2792 1052 2796; x_wconf 91' lang='lat'>—</span> <span class='ocrx_word' id='word_1_272' title='bbox 1087 2764 1301 2808; x_wconf 87' lang='lat' dir='ltr'><strong>fratribus</strong></span> <span class='ocrx_word' id='word_1_273' title='bbox 1338 2764 1564 2808; x_wconf 89' lang='lat' dir='ltr'><strong>omnibus.</strong></span> <span class='ocrx_word' id='word_1_274' title='bbox 1636 2766 1658 2822; x_wconf 59' lang='grc' dir='ltr'><strong>ἓ</strong></span> <span class='ocrx_word' id='word_1_275' title='bbox 1689 2776 1771 2817; x_wconf 83' lang='lat'><strong>14:</strong></span> <span class='ocrx_word' id='word_1_276' title='bbox 1813 2757 2086 2807; x_wconf 89' lang='lat' dir='ltr'><strong>comestibili</strong></span> <span class='ocrx_word' id='word_1_277' title='bbox 2109 2764 2183 2806; x_wconf 90' lang='lat' dir='ltr'><strong>vel</strong></span> 
     </span>
    </p>
   </div>
   <div class='ocr_carea' id='block_1_7' title="bbox 245 2839 2182 3578">
    <p class='ocr_par' dir='ltr' id='par_1_8' title="bbox 245 2839 2182 3578">
     <span class='ocr_line' id='line_1_30' title="bbox 248 2839 2178 2903; baseline -0.002 -18"><span class='ocrx_word' id='word_1_278' title='bbox 248 2841 448 2898; x_wconf 85' lang='lat' dir='ltr'><strong>potabili.</strong></span> <span class='ocrx_word' id='word_1_279' title='bbox 517 2846 539 2903; x_wconf 61' lang='lat' dir='ltr'>g</span> <span class='ocrx_word' id='word_1_280' title='bbox 581 2852 662 2897; x_wconf 84' lang='lat'><strong>15:</strong></span> <span class='ocrx_word' id='word_1_281' title='bbox 703 2842 787 2885; x_wconf 90' lang='lat' dir='ltr'><strong>sed</strong></span> <span class='ocrx_word' id='word_1_282' title='bbox 819 2840 1141 2885; x_wconf 88' lang='lat' dir='ltr'><strong>tantummodo</strong></span> <span class='ocrx_word' id='word_1_283' title='bbox 1174 2840 1449 2883; x_wconf 85' lang='lat' dir='ltr'><strong>intendatis:</strong></span> <span class='ocrx_word' id='word_1_284' title='bbox 1492 2839 1625 2883; x_wconf 92' lang='lat' dir='ltr'><strong>nobis</strong></span> <span class='ocrx_word' id='word_1_285' title='bbox 1660 2841 1771 2897; x_wconf 86' lang='lat' dir='ltr'><em>(for</em></span> <span class='ocrx_word' id='word_1_286' title='bbox 1797 2839 1963 2894; x_wconf 88' lang='lat' dir='ltr'><strong>vobis).</strong></span> <span class='ocrx_word' id='word_1_287' title='bbox 2032 2841 2055 2898; x_wconf 57' lang='grc' dir='ltr'><strong>ἕ</strong></span> <span class='ocrx_word' id='word_1_288' title='bbox 2097 2850 2178 2893; x_wconf 91' lang='lat'><strong>17:</strong></span> 
     </span>
     <span class='ocr_line' id='line_1_31' title="bbox 249 2915 2178 2973; baseline -0.001 -13"><span class='ocrx_word' id='word_1_289' title='bbox 249 2917 526 2973; x_wconf 86' lang='lat' dir='ltr'><strong>singularem</strong></span> <span class='ocrx_word' id='word_1_290' title='bbox 559 2932 783 2972; x_wconf 84' lang='lat' dir='ltr'><strong>amorem,</strong></span> <span class='ocrx_word' id='word_1_291' title='bbox 809 2916 941 2972; x_wconf 85' lang='lat' dir='ltr'><strong>signo</strong></span> <span class='ocrx_word' id='word_1_292' title='bbox 975 2916 1168 2972; x_wconf 87' lang='lat' dir='ltr'><strong>prebuit.</strong></span> <span class='ocrx_word' id='word_1_293' title='bbox 1237 2918 1360 2959; x_wconf 89' lang='lat' dir='ltr'><strong>Nam</strong></span> <span class='ocrx_word' id='word_1_294' title='bbox 1394 2916 1546 2959; x_wconf 88' lang='lat' dir='ltr'><strong>statim</strong></span> <span class='ocrx_word' id='word_1_295' title='bbox 1578 2915 1831 2971; x_wconf 89' lang='lat' dir='ltr'><strong>inspirante</strong></span> <span class='ocrx_word' id='word_1_296' title='bbox 1866 2930 1924 2958; x_wconf 94' lang='lat' dir='ltr'><strong>eo</strong></span> <span class='ocrx_word' id='word_1_297' title='bbox 1957 2915 2076 2958; x_wconf 84' lang='lat' dir='ltr'><strong>facta</strong></span> <span class='ocrx_word' id='word_1_298' title='bbox 2099 2923 2178 2958; x_wconf 90' lang='lat' dir='ltr'><strong>est.</strong></span> 
     </span>
     <span class='ocr_line' id='line_1_32' title="bbox 250 2990 2181 3053; baseline -0.002 -17"><span class='ocrx_word' id='word_1_299' title='bbox 250 2995 272 3053; x_wconf 58' lang='grc' dir='ltr'><strong>ἓ</strong></span> <span class='ocrx_word' id='word_1_300' title='bbox 304 2995 386 3036; x_wconf 88' lang='grc'><strong>18;</strong></span> <span class='ocrx_word' id='word_1_301' title='bbox 429 3008 533 3036; x_wconf 93' lang='lat' dir='ltr'><strong>cum</strong></span> <span class='ocrx_word' id='word_1_302' title='bbox 568 2993 709 3036; x_wconf 88' lang='lat' dir='ltr'><strong>asinis</strong></span> <span class='ocrx_word' id='word_1_303' title='bbox 741 2992 894 3036; x_wconf 91' lang='lat' dir='ltr'><strong>multis</strong></span> <span class='ocrx_word' id='word_1_304' title='bbox 930 2992 985 3049; x_wconf 80' lang='lat'><strong>(1)</strong></span> <span class='ocrx_word' id='word_1_305' title='bbox 1020 2991 1229 3035; x_wconf 91' lang='lat' dir='ltr'><strong>curribus</strong></span> <span class='ocrx_word' id='word_1_306' title='bbox 1263 3001 1308 3036; x_wconf 90' lang='lat' dir='ltr'><strong>et</strong></span> <span class='ocrx_word' id='word_1_307' title='bbox 1341 2991 1483 3048; x_wconf 89' lang='lat' dir='ltr'><strong>equis.</strong></span> <span class='ocrx_word' id='word_1_308' title='bbox 1554 2992 1576 3049; x_wconf 62' lang='grc' dir='ltr'>ξ</span> <span class='ocrx_word' id='word_1_309' title='bbox 1614 3004 1702 3034; x_wconf 88' lang='lat'><strong>20:</strong></span> <span class='ocrx_word' id='word_1_310' title='bbox 1745 2992 1827 3034; x_wconf 90' lang='lat' dir='ltr'><strong>Ph.</strong></span> <span class='ocrx_word' id='word_1_311' title='bbox 1859 3006 1946 3034; x_wconf 82' lang='lat' dir='ltr'><strong>om.</strong></span> <span class='ocrx_word' id='word_1_312' title='bbox 1971 2990 2181 3033; x_wconf 87' lang='lat' dir='ltr'><strong>Vidisses</strong></span> 
     </span>
     <span class='ocr_line' id='line_1_33' title="bbox 245 3066 2177 3125; baseline -0.002 -13"><span class='ocrx_word' id='word_1_313' title='bbox 245 3069 420 3112; x_wconf 89' lang='lat' dir='ltr'><strong>ibidem</strong></span> <span class='ocrx_word' id='word_1_314' title='bbox 455 3068 643 3113; x_wconf 88' lang='lat' dir='ltr'><strong>clericos</strong></span> <span class='ocrx_word' id='word_1_315' title='bbox 676 3096 734 3101; x_wconf 81' lang='lat'><em>-</em></span> <span class='ocrx_word' id='word_1_316' title='bbox 769 3069 1088 3112; x_wconf 88' lang='lat' dir='ltr'><strong>discurrentes.</strong></span> <span class='ocrx_word' id='word_1_317' title='bbox 1159 3069 1181 3124; x_wconf 55' lang='grc' dir='ltr'>ξ</span> <span class='ocrx_word' id='word_1_318' title='bbox 1221 3082 1307 3111; x_wconf 86' lang='lat'><strong>22:</strong></span> <span class='ocrx_word' id='word_1_319' title='bbox 1346 3067 1591 3111; x_wconf 88' lang='lat' dir='ltr'><strong>mendacio</strong></span> <span class='ocrx_word' id='word_1_320' title='bbox 1626 3067 1739 3125; x_wconf 86' lang='lat' dir='ltr'><em>(for</em></span> <span class='ocrx_word' id='word_1_321' title='bbox 1758 3066 1964 3124; x_wconf 90' lang='lat' dir='ltr'><strong>judicio).</strong></span> <span class='ocrx_word' id='word_1_322' title='bbox 2034 3067 2056 3124; x_wconf 59' lang='grc' dir='ltr'>ἕ</span> <span class='ocrx_word' id='word_1_323' title='bbox 2092 3076 2177 3120; x_wconf 88' lang='lat'><strong>25:</strong></span> 
     </span>
     <span class='ocr_line' id='line_1_34' title="bbox 248 3141 2182 3200; baseline -0.002 -12"><span class='ocrx_word' id='word_1_324' title='bbox 248 3146 370 3188; x_wconf 86' lang='lat' dir='ltr'><strong>Nam</strong></span> <span class='ocrx_word' id='word_1_325' title='bbox 394 3145 509 3188; x_wconf 90' lang='lat' dir='ltr'><strong>sicut</strong></span> <span class='ocrx_word' id='word_1_326' title='bbox 540 3160 649 3188; x_wconf 89' lang='lat' dir='ltr'><strong>vere</strong></span> <span class='ocrx_word' id='word_1_327' title='bbox 684 3144 865 3200; x_wconf 88' lang='lat' dir='ltr'><strong>sapiens</strong></span> <span class='ocrx_word' id='word_1_328' title='bbox 901 3143 1089 3187; x_wconf 90' lang='lat' dir='ltr'><strong>Domini</strong></span> <span class='ocrx_word' id='word_1_329' title='bbox 1124 3144 1415 3187; x_wconf 92' lang='lat' dir='ltr'><strong>fidelissimus</strong></span> <span class='ocrx_word' id='word_1_330' title='bbox 1449 3145 1494 3187; x_wconf 90' lang='lat' dir='ltr'><strong>S.</strong></span> <span class='ocrx_word' id='word_1_331' title='bbox 1530 3143 1803 3186; x_wconf 86' lang='lat' dir='ltr'><strong>Franciscus</strong></span> <span class='ocrx_word' id='word_1_332' title='bbox 1837 3142 1883 3185; x_wconf 91' lang='lat' dir='ltr'><strong>in</strong></span> <span class='ocrx_word' id='word_1_333' title='bbox 1906 3141 2059 3185; x_wconf 90' lang='lat' dir='ltr'><strong>verbis</strong></span> <span class='ocrx_word' id='word_1_334' title='bbox 2089 3141 2182 3184; x_wconf 91' lang='lat' dir='ltr'><strong>suis</strong></span> 
     </span>
     <span class='ocr_line' id='line_1_35' title="bbox 247 3217 2180 3277; baseline -0.002 -13"><span class='ocrx_word' id='word_1_335' title='bbox 247 3222 332 3264; x_wconf 91' lang='lat' dir='ltr'><strong>hec</strong></span> <span class='ocrx_word' id='word_1_336' title='bbox 356 3221 523 3275; x_wconf 83' lang='lat' dir='ltr'><strong>docuit,</strong></span> <span class='ocrx_word' id='word_1_337' title='bbox 548 3220 656 3277; x_wconf 86' lang='lat' dir='ltr'><strong>quia</strong></span> <span class='ocrx_word' id='word_1_338' title='bbox 679 3220 795 3264; x_wconf 88' lang='lat' dir='ltr'><strong>sicut</strong></span> <span class='ocrx_word' id='word_1_339' title='bbox 818 3234 1036 3276; x_wconf 85' lang='lat' dir='ltr'><strong>agrorum</strong></span> <span class='ocrx_word' id='word_1_340' title='bbox 1059 3221 1225 3263; x_wconf 90' lang='lat' dir='ltr'><strong>herbas</strong></span> <span class='ocrx_word' id='word_1_341' title='bbox 1249 3234 1456 3263; x_wconf 91' lang='lat' dir='ltr'><strong>crescere</strong></span> <span class='ocrx_word' id='word_1_342' title='bbox 1481 3218 1599 3262; x_wconf 85' lang='lat' dir='ltr'><strong>facit.</strong></span> <span class='ocrx_word' id='word_1_343' title='bbox 1668 3220 1690 3276; x_wconf 59' lang='grc' dir='ltr'><strong>,ξ</strong></span> <span class='ocrx_word' id='word_1_344' title='bbox 1717 3219 1773 3261; x_wconf 85' lang='lat'><strong>26</strong></span> <span class='ocrx_word' id='word_1_345' title='bbox 1795 3234 1803 3262; x_wconf 90' lang='lat'>:</span> <span class='ocrx_word' id='word_1_346' title='bbox 1844 3220 1897 3260; x_wconf 93' lang='lat' dir='ltr'><strong>In</strong></span> <span class='ocrx_word' id='word_1_347' title='bbox 1922 3217 2006 3260; x_wconf 90' lang='lat' dir='ltr'><strong>isto</strong></span> <span class='ocrx_word' id='word_1_348' title='bbox 2028 3225 2180 3260; x_wconf 85' lang='lat' dir='ltr'><strong>autern</strong></span> 
     </span>
     <span class='ocr_line' id='line_1_36' title="bbox 250 3293 2181 3351; baseline -0.003 -12"><span class='ocrx_word' id='word_1_349' title='bbox 250 3296 453 3351; x_wconf 88' lang='lat' dir='ltr'><strong>capitulo</strong></span> <span class='ocrx_word' id='word_1_350' title='bbox 476 3296 558 3340; x_wconf 90' lang='lat' dir='ltr'><strong>fuit</strong></span> <span class='ocrx_word' id='word_1_351' title='bbox 581 3305 624 3340; x_wconf 92' lang='lat' dir='ltr'><strong>et</strong></span> <span class='ocrx_word' id='word_1_352' title='bbox 648 3296 832 3339; x_wconf 89' lang='lat' dir='ltr'><strong>fuerunt</strong></span> <span class='ocrx_word' id='word_1_353' title='bbox 856 3295 981 3339; x_wconf 84' lang='lat' dir='ltr'><strong>multi</strong></span> <span class='ocrx_word' id='word_1_354' title='bbox 1006 3296 1182 3351; x_wconf 87' lang='lat' dir='ltr'><strong>absque</strong></span> <span class='ocrx_word' id='word_1_355' title='bbox 1209 3297 1251 3338; x_wconf 88' lang='lat' dir='ltr'><strong>S.</strong></span> <span class='ocrx_word' id='word_1_356' title='bbox 1280 3295 1529 3338; x_wconf 87' lang='lat' dir='ltr'><strong>Francisco</strong></span> <span class='ocrx_word' id='word_1_357' title='bbox 1552 3296 1609 3351; x_wconf 72' lang='grc' dir='ltr'><strong>(Ξ)</strong></span> <span class='ocrx_word' id='word_1_358' title='bbox 1630 3295 1705 3350; x_wconf 87' lang='lat' dir='ltr'><strong>qui</strong></span> <span class='ocrx_word' id='word_1_359' title='bbox 1741 3294 1900 3337; x_wconf 89' lang='lat' dir='ltr'><strong>fratres</strong></span> <span class='ocrx_word' id='word_1_360' title='bbox 1934 3293 2181 3348; x_wconf 85' lang='lat' dir='ltr'><strong>portabant</strong></span> 
     </span>
     <span class='ocr_line' id='line_1_37' title="bbox 249 3367 2179 3430; baseline -0.002 -17"><span class='ocrx_word' id='word_1_361' title='bbox 249 3371 438 3414; x_wconf 89' lang='lat' dir='ltr'><strong>loricam</strong></span> <span class='ocrx_word' id='word_1_362' title='bbox 460 3372 519 3414; x_wconf 90' lang='lat' dir='ltr'><strong>ad</strong></span> <span class='ocrx_word' id='word_1_363' title='bbox 536 3386 736 3415; x_wconf 87' lang='lat' dir='ltr'><strong>carnem.</strong></span> <span class='ocrx_word' id='word_1_364' title='bbox 805 3374 939 3430; x_wconf 63' lang='lat'><strong>§271</strong></span> <span class='ocrx_word' id='word_1_365' title='bbox 985 3371 1125 3415; x_wconf 91' lang='lat' dir='ltr'><strong>Unde</strong></span> <span class='ocrx_word' id='word_1_366' title='bbox 1158 3370 1256 3426; x_wconf 93' lang='lat' dir='ltr'><strong>ipse</strong></span> <span class='ocrx_word' id='word_1_367' title='bbox 1290 3371 1404 3414; x_wconf 90' lang='lat' dir='ltr'><strong>sicut</strong></span> <span class='ocrx_word' id='word_1_368' title='bbox 1439 3370 1789 3413; x_wconf 88' lang='lat' dir='ltr'><strong>discretissimus</strong></span> <span class='ocrx_word' id='word_1_369' title='bbox 1822 3377 1953 3425; x_wconf 86' lang='lat' dir='ltr'><strong>pater</strong></span> <span class='ocrx_word' id='word_1_370' title='bbox 1975 3367 2179 3423; x_wconf 83' lang='lat' dir='ltr'><strong>precepit</strong></span> 
     </span>
     <span class='ocr_line' id='line_1_38' title="bbox 251 3441 2176 3502; baseline -0.002 -13"><span class='ocrx_word' id='word_1_371' title='bbox 251 3447 466 3489; x_wconf 90' lang='lat' dir='ltr'><strong>omnibus</strong></span> <span class='ocrx_word' id='word_1_372' title='bbox 489 3461 571 3502; x_wconf 90' lang='lat' dir='ltr'><strong>per</strong></span> <span class='ocrx_word' id='word_1_373' title='bbox 592 3446 903 3490; x_wconf 87' lang='lat' dir='ltr'><strong>obedientiam</strong></span> <span class='ocrx_word' id='word_1_374' title='bbox 925 3448 1175 3490; x_wconf 89' lang='lat' dir='ltr'><strong>salutarem</strong></span> <span class='ocrx_word' id='word_1_375' title='bbox 1208 3455 1255 3490; x_wconf 90' lang='lat' dir='ltr'><strong>ut</strong></span> <span class='ocrx_word' id='word_1_376' title='bbox 1288 3461 1447 3490; x_wconf 90' lang='lat' dir='ltr'><strong>omnes</strong></span> <span class='ocrx_word' id='word_1_377' title='bbox 1481 3447 1708 3489; x_wconf 89' lang='lat' dir='ltr'><strong>habentes</strong></span> <span class='ocrx_word' id='word_1_378' title='bbox 1731 3444 1892 3487; x_wconf 86' lang='lat' dir='ltr'><strong>loricas</strong></span> <span class='ocrx_word' id='word_1_379' title='bbox 1917 3451 1961 3486; x_wconf 91' lang='lat' dir='ltr'><strong>et</strong></span> <span class='ocrx_word' id='word_1_380' title='bbox 1984 3441 2176 3486; x_wconf 89' lang='lat' dir='ltr'><strong>circulos</strong></span> 
     </span>
     <span class='ocr_line' id='line_1_39' title="bbox 249 3521 1381 3578; baseline 0.001 -15"><span class='ocrx_word' id='word_1_381' title='bbox 249 3522 507 3578; x_wconf 88' lang='lat' dir='ltr'><strong>hujusmodi</strong></span> <span class='ocrx_word' id='word_1_382' title='bbox 532 3522 736 3577; x_wconf 89' lang='lat' dir='ltr'><strong>predicta</strong></span> <span class='ocrx_word' id='word_1_383' title='bbox 758 3521 1056 3566; x_wconf 90' lang='lat' dir='ltr'><strong>incontinenti</strong></span> <span class='ocrx_word' id='word_1_384' title='bbox 1080 3522 1381 3577; x_wconf 88' lang='lat' dir='ltr'><strong>deponerent.</strong></span> 
     </span>
    </p>
   </div>
  </div>
 </body>
</html>
