2449 3927
192 178 265 228 oo
328 161 854 214 DESCRIPTION
883 162 982 213 OF
1004 161 1058 212 A
1082 162 1583 214 FRANCISCAN
1612 161 2118 213 MANUSCRIPT

191 315 324 382 pitio
365 313 626 364 dubitare.
709 313 1034 364 Eminencia
1076 314 1279 380 quippe
1320 315 1479 380 rupis,
1510 330 1673 380 super
1710 329 1875 378 quam
1915 329 2000 362 ars
2028 312 2119 361 illa

191 412 305 455 erat
357 402 616 464 edificata,
660 419 755 452 eos
803 403 999 453 minaci
1045 420 1107 453 ac
1149 402 1420 453 horrendo
1471 403 1753 469 precipitio
1797 400 2116 451 deterrebat.

190 493 297 545 Sed
326 493 413 543 ille
440 493 524 542 cui
556 493 746 542 beatus
770 491 1087 543 Franciscus
1110 500 1436 558 apparuerat
1464 491 1531 541 de
1560 490 1732 541 sancti
1753 490 2122 555 promissione

190 582 425 633 confisus
467 583 669 647 primus
710 581 996 647 egreditur,
1030 600 1247 650 egressu
1289 599 1388 632 suo
1429 581 1595 632 fidam
1638 581 1982 632 securitatem
2027 596 2122 629 ex-

192 672 384 722 hibens
424 672 612 722 ceteris
652 672 957 737 egressuris,
1043 672 1294 738 Egressis
1335 689 1467 722 sane
1495 688 1588 737 per
1616 670 1869 720 ordinem
1905 669 2034 729 iiii01'‚
2067 676 2123 718 et

192 762 431 828 quintuS,
461 779 582 811 cum
619 768 760 811 esset
799 761 1138 826 gravioribus
1178 779 1343 828 quam
1385 762 1575 811 ceteris
1617 760 1731 826 (sic)
1757 757 2124 824 compedibus

192 852 444 918 illigatus,
476 853 619 916 cepit
646 851 879 901 titubare
908 860 962 901 et
989 851 1231 901 titubans
1261 851 1598 901 amarissime
1627 849 1924 911 lacrimari3
1964 848 2123 897 time-

193 942 286 992 bat
312 942 457 991 enim
486 958 556 991 ne
584 948 805 1006 propter
832 941 1182 1006 gravedinem
1212 949 1266 991 et
1295 939 1733 1008 magnitudinem
1775 936 2119 1002 compedum,

190 1031 390 1097 quibus
417 1030 772 1081 cruciabiliter
797 1030 1137 1095 gravabatur,
1170 1030 1221 1081 in
1251 1047 1379 1080 casu
1409 1037 1521 1080 tam
1551 1028 1931 1079 discriminoso
1973 1043 2125 1076 crura

193 1138 288 1172 sua
318 1121 704 1186 frangerentur,
734 1127 788 1169 et
816 1120 890 1169 sic
919 1119 1234 1185 crurifragio
1273 1120 1444 1169 vitam
1487 1117 1863 1168 miserabiliter
1905 1116 2127 1166 termin-

192 1218 322 1262 aret.
429 1210 677 1276 Cumque
718 1217 832 1259 tam
876 1210 1073 1259 amaris
1114 1208 1549 1276 cogitationibus
1584 1214 1925 1273 torqueretur
1966 1205 2125 1265 illico,

193 1298 484 1366 compedes
532 1316 656 1350 cum
702 1316 904 1364 magno
944 1299 1151 1364 impetu
1206 1305 1259 1348 et
1301 1297 1607 1348 vehementi
1662 1296 1887 1362 strepitu
1941 1311 2127 1359 crepu-

191 1397 359 1441 erunt.
443 1387 655 1440 Videns
682 1405 812 1454 ergo
835 1388 923 1438 ille
944 1405 1001 1438 se
1023 1405 1054 1438 a
1073 1388 1304 1438 vinculis
1323 1395 1433 1438 tam
1457 1386 1775 1437 mirabiliter
1795 1384 2124 1446 absolutum,

192 1479 421 1530 fidenter
459 1478 734 1545 egreditur
772 1486 825 1528 et
853 1477 922 1528 ad
952 1485 1148 1528 terram
1177 1476 1408 1539 devenit,
1440 1477 1581 1530 sicut
1607 1484 1662 1527 et
1704 1477 1851 1537 socii,
1879 1476 1994 1526 sine
2035 1474 2127 1525 ali-

193 1587 300 1636 qua
344 1570 559 1620 lesione.
645 1568 856 1619 Omnes
897 1569 1062 1634 igitur
1102 1568 1245 1618 beati
1290 1567 1563 1617 Francisci
1601 1566 1808 1617 meritis
1838 1565 2050 1615 liberati
2078 1563 2127 1614 ei

194 1659 392 1710 devote
418 1659 712 1726 gratiarum
742 1675 965 1708 munera
996 1657 1384 1723 persolverunt.

74 1772 170 1824 171
308 1749 359 1816 (f,
419 1750 571 1816 127V)
617 1747 866 1811 Qualiter
902 1747 1082 1797 beatus
1121 1746 1441 1797 Franciscus
1481 1745 1730 1796 liberavit
1766 1744 2030 1811 quendam
2069 1743 2132 1794 de
2148 1756 2217 1810 Cf.
2251 1758 2420 1806 Gelam,

194 1839 491 1890 carceribus.
2148 1811 2431 1918 &siffffigffggf

310 1930 374 1979 In
415 1928 654 1995 quadam
698 1928 870 1978 insula
902 1927 1177 1977 Romanie
1205 1926 1437 1977 Grecum
1481 1923 1759 1991 quendam
1804 1923 2127 1975 servientem
2151 1920 2436 1969 Miracu1a‚v.‚

194 2021 355 2071 unius
398 2016 654 2070 domine1
696 2018 926 2084 contigit
968 2016 1035 2067 de
1079 2017 1223 2066 furto
1272 2015 1534 2065 fallaciter
1580 2013 1838 2065 accusari.
1950 1975 2203 2078 Quem1)'

198 2109 450 2160 dominus
491 2109 668 2160 insule
708 2108 923 2174 capiens
964 2116 1018 2158 et
1055 2108 1109 2158 in
1150 2113 1268 2156 arto
1309 2106 1537 2156 carceris
1578 2103 1853 2171 ergastulo
1893 2101 2131 2164 trudenS‚

199 2199 396 2266 pedem
424 2199 540 2264 ejus
567 2199 753 2264 ligneo
780 2197 998 2248 vinculo
1030 2196 1271 2262 precepit
1298 2195 1538 2261 astringi,
1571 2210 1828 2261 processu
1871 2193 2134 2258 temporis

200 2307 296 2356 per
334 2288 717 2339 diffinitionem
760 2287 1027 2338 sententie
1068 2284 1487 2336 irrevocabiliter
1526 2281 1902 2334 mutilandum.
2014 2281 2130 2331 Do-

199 2380 346 2429 mina
386 2386 588 2440 autem,
636 2377 852 2427 miserie
893 2376 1172 2426 servientis
1218 2375 1577 2440 compatienS,
1622 2388 1744 2422 cum
1789 2388 1901 2422 non
1946 2378 2132 2437 posset

197 2468 274 2518 illi
331 2484 487 2533 prece
527 2466 612 2517 vel
656 2466 827 2532 pretio
873 2465 1170 2525 subvenire,
1217 2465 1366 2514 vovit
1412 2462 1459 2514 b.
1510 2462 1800 2512 Francisco
1847 2478 1903 2510 se
1950 2476 2132 2510 coram

196 2574 376 2625 ycona
404 2574 499 2607 sua
542 2555 737 2622 pedem
769 2572 892 2605 cum
919 2572 1072 2605 crure
1099 2554 1265 2604 cereis
1296 2568 1702 2619 suspensuram,
1733 2551 1775 2602 si
1807 2551 2131 2601 servientem

201 2663 358 2697 suum
387 2645 700 2712 dignaretur
727 2662 758 2694 a
789 2651 942 2694 tanto
973 2643 1286 2693 discrimine
1305 2641 1543 2692 liberare.
1631 2640 1810 2690 Nocte
1829 2640 1992 2705 igitur
2013 2637 2135 2689 sub-

200 2743 460 2803 sequente
504 2734 676 2786 astitit
717 2734 766 2786 b.
812 2733 1126 2784 Franciscus
1166 2732 1375 2783 homini
1417 2731 1679 2782 existenti
1721 2730 1775 2780 in
1819 2745 2040 2791 carcere,
2082 2735 2136 2778 et

202 2843 326 2876 eum
359 2825 496 2892 pede
523 2824 777 2891 pulsans:
819 2823 940 2888 Ego
983 2839 1120 2884 sum,
1155 2823 1344 2888 inquit,
1388 2828 1606 2871 sanctus
1648 2820 1732 2869 cui
1774 2827 1867 2869 tua
1910 2817 2136 2868 domina

201 2923 391 2966 votum
431 2915 597 2965 vovit.
705 2913 877 2979 Surge
918 2912 1081 2978 igitur
1119 2920 1173 2962 et
1213 2911 1336 2961 veni
1379 2911 1534 2963 foras
1659 2908 1739 2959 At
1781 2908 1867 2958 ille
1908 2917 2139 2958 extenso

203 3005 342 3072 pede
382 3023 438 3055 se
479 3023 510 3055 a
550 3004 768 3055 vinculo
810 3003 1050 3053 sentiens
1078 3001 1394 3052 absolutum
1436 2998 1868 3065 subsequebatur
1909 2997 2141 3063 vestigia

205 3094 558 3162 precedentis,
642 3091 896 3143 Educens
936 3108 1065 3156 ergo
1106 3108 1230 3141 eum
1274 3090 1323 3144 b.
1372 3089 1689 3140 Franciscus
1729 3096 1886 3138 extra
1923 3095 2137 3153 portam

204 3185 446 3247 carceriS,
489 3200 594 3250 que
633 3183 776 3233 ultro
816 3189 1005 3247 aperta
1046 3189 1128 3230 est
1174 3181 1268 3242 εἰς,
1312 3179 1473 3229 duxit
1511 3194 1635 3228 eum
1683 3176 1752 3227 ad
1799 3177 2137 3226 eminentem

206 3282 414 3341 partem
443 3274 604 3323 castri
632 3289 796 3338 super
821 3272 1140 3322 altissimam
1169 3287 1359 3336 rupem
1388 3267 1634 3329 edificati‚
1664 3267 1963 3333 precipiens
2004 3266 2050 3315 ei
2079 3274 2139 3316 ut

207 3362 331 3413 inde
377 3361 729 3413 descenderet
770 3369 824 3411 et
866 3377 1083 3411 securus
1124 3359 1307 3412 abiret.
1394 3357 1500 3423 Qui
1530 3357 1736 3408 timens
1777 3372 1933 3406 casus
1972 3355 2141 3420 preci—

313 3491 575 3542 1Cujusdam
605 3489 777 3538 domini,
808 3489 1038 3539 according
1067 3495 1111 3527 to
1135 3488 1309 3535 Celano,
1328 3487 1427 3525 who
1459 3486 1603 3525 makes
1633 3485 1704 3522 the
1738 3483 1908 3523 domina
1940 3483 2012 3522 the
2040 3482 2139 3520 wife

212 3559 261 3598 of
276 3559 347 3597 the
367 3558 571 3598 dominus.
