2449 3927
182 170 251 251 86
320 166 844 219 DESCRIPTION
872 167 972 218 OF
994 166 1048 217 A
1071 166 1570 218 FRANCISCAN
1600 165 2107 218 MANUSCRIPT

178 320 247 371 ad
301 317 718 370 custodiendum
765 318 917 368 illum
959 318 1139 369 locum
1182 335 1281 384 pro
1321 317 1656 369 secularibus
1697 324 1750 367 et
1792 317 2105 379 forensibu5‚

176 410 267 474 qui
309 416 461 459 erant
499 416 657 459 extra
697 408 875 458 locum
916 408 971 458 in
1015 408 1260 458 maxima
1301 409 1607 474 quantitate
1652 424 1724 457 ex
1762 408 1915 457 omni
1954 414 2109 473 parte

174 514 448 565 congrega
475 497 589 565 (sic)
616 497 683 548 ad
717 497 1013 548 videndum
1056 498 1355 564 capitulum
1386 497 1626 563 fratrum,
1661 494 1813 563 quod
1853 496 1902 546 b.
1943 495 2107 545 Fran-

174 588 346 637 ciscus
389 595 443 637 et
489 587 578 637 alii
626 586 813 636 fratres
854 586 1111 637 volebant
1153 586 1414 653 dissipare
1453 585 1677 637 domum
1718 585 1878 647 illam,
1920 586 2106 636 statim

174 677 389 728 iverunt
429 676 497 728 ad
545 678 722 743 ipsos;
784 678 875 744 qui
923 676 1182 728 dixerunt
1237 676 1285 727 b.
1339 677 1658 727 Francisco:
1733 676 1935 739 Frater,
2004 677 2107 726 ista

174 766 372 818 domus
416 774 498 817 est
543 767 953 817 communitatis
994 765 1190 816 Assisii
1240 775 1294 817 et
1347 782 1447 816 nos
1495 782 1683 817 sumus
1723 766 1809 816 hic
1850 782 1948 831 pro
1989 766 2107 832 ipsa

172 857 577 907 communitate.
630 855 792 907 Unde
809 854 1038 905 dicimus
1056 855 1153 906 tibi
1171 854 1322 921 quod
1341 872 1451 905 non
1472 854 1723 905 destruas
1740 854 1965 905 domum
1986 872 2108 908 nos„

170 953 323 996 tram.
371 945 532 996 Dixit
549 945 618 996 ad
635 962 730 996 eos
751 945 798 996 b.
824 944 869 994 F
872 946 1141 995 ranciscus
1162 964 1172 995 ι
1194 945 1341 1010 Ergo
1361 945 1403 994 si
1421 952 1600 995 vestra
1618 952 1713 1005 est,
1735 944 1864 994 nolo
1882 952 2107 1009 tangere

171 1036 332 1090 illam.
417 1036 491 1086 Et
519 1036 706 1086 statim
735 1033 1018 1084 descendit
1046 1034 1114 1084 de
1141 1051 1216 1096 ea,
1247 1041 1301 1084 et
1329 1033 1418 1084 alii
1461 1034 1649 1084 fratres
1693 1035 1789 1100 qui
1830 1051 1954 1084 cum
1983 1035 2104 1099 ipso

169 1133 322 1175 erant
361 1124 715 1177 ascenderant
754 1123 890 1191 (sic).
972 1122 1320 1189 Quapropter
1361 1123 1594 1189 populus
1631 1124 1861 1174 civitatis
1902 1122 2100 1174 Assisii

169 1232 265 1282 per
291 1216 516 1281 longum
545 1222 760 1279 tempus
790 1214 939 1264 omni
981 1229 1126 1263 anno
1167 1213 1450 1263 constituit
1491 1220 1551 1264 ut
1590 1214 1919 1280 quicumque
1959 1222 2101 1264 esset

167 1304 381 1355 illorum
421 1311 661 1370 potestas
703 1310 979 1354 teneretur
1006 1303 1181 1368 ipsam
1211 1303 1385 1352 facere
1411 1303 1672 1367 cooperiri
1700 1311 1755 1353 et
1796 1304 2027 1368 reparari
2057 1304 2101 1353 si

166 1402 306 1445 esset
333 1411 563 1447 necesse.

285 1497 405 1552 (The
427 1497 695 1540 variations
716 1509 796 1538 are
817 1509 1071 1539 numerous
1093 1495 1176 1537 but
1194 1495 1365 1537 almost
1383 1495 1577 1551 entirely
1599 1495 1792 1551 verbal.)

46 1604 143 1670 165
278 1589 329 1657 (f.
378 1592 522 1657 1251)
565 1587 820 1655 Sequitur
861 1586 1108 1650 Qualiter
1144 1585 1389 1636 minister
1415 1586 1688 1652 generalis
1718 1585 2098 1651 fecz‘tparvam
2117 1607 2186 1657 cf,
2209 1606 2319 1658 spec

165 1680 378 1730 domum
392 1688 493 1745 pro
505 1668 795 1744 fratribus.
2118 1661 2241 1709 Pers„
2260 1663 2301 1704 8.

277 1768 406 1820 Alio
427 1777 674 1835 tempore
702 1768 947 1818 minister
965 1767 1235 1833 generalis
1262 1766 1485 1817 volebat
1512 1766 1585 1816 ibi
1615 1765 1789 1816 facere
1816 1765 2093 1832 quandam

166 1877 387 1927 parvam
418 1858 644 1910 domum
675 1875 774 1925 pro
816 1857 1072 1909 fratribus
1115 1857 1261 1907 illius
1303 1856 1407 1907 loci
1450 1856 1541 1906 ubi
1570 1864 1791 1923 possent
1818 1856 2096 1922 quiescere

164 1958 219 2001 et
247 1949 424 2000 dicere
463 1949 626 2000 horas
667 1966 809 2010 suaS‚
855 1949 1100 1999 maxime
1139 1947 1267 2013 quia
1308 1946 1414 1996 illis
1455 1946 1792 2012 temporibus
1832 1945 1902 1996 ad
1944 1946 2095 1997 illum

165 2041 344 2090 locum
367 2056 558 2091 omnes
581 2038 771 2090 fratres
799 2037 868 2088 de
897 2037 1156 2104 religione
1175 2044 1230 2087 et
1252 2037 1345 2102 qui
1366 2036 1660 2086 veniebant
1681 2035 1749 2086 ad
1772 2035 2095 2102 religionem

165 2129 510 2180 recurrebant
549 2136 604 2179 et
638 2127 948 2189 veniebant,
995 2134 1218 2193 propter
1257 2124 1406 2192 quod
1449 2125 1682 2176 multum
1724 2125 2095 2192 fatigabantur

166 2218 355 2270 fratres
408 2218 483 2269 illi
537 2219 693 2285 quasi
747 2216 998 2279 cottidie;
1059 2224 1114 2267 et
1173 2216 1335 2267 etiam
1397 2222 1619 2281 propter
1680 2214 2089 2266 multitudinem

163 2308 386 2359 fratrum
428 2307 865 2359 convenientium
907 2307 963 2356 in
1006 2306 1130 2356 loco
1173 2306 1265 2355 illo
1308 2311 1416 2355 non
1458 2304 1737 2355 habebant
1778 2304 1957 2355 locum
1997 2304 2090 2355 ubi

163 2406 386 2464 possent
413 2399 691 2464 quiescere
718 2405 772 2448 et
801 2396 977 2448 dicere
1005 2396 1167 2447 horas
1196 2413 1334 2457 suas,
1365 2396 1441 2446 ita
1469 2393 1620 2461 quod
1650 2394 1938 2461 oportebat
1966 2394 2093 2445 dare

161 2488 263 2539 illis
305 2488 422 2539 loca
463 2505 561 2539 sua
602 2487 693 2538 ubi
739 2486 1006 2553 jacebant.
1092 2486 1168 2536 Et
1215 2503 1286 2536 ex
1327 2485 1431 2535 hoc
1473 2485 1674 2535 multas
1713 2484 2093 2535 tribulationes

165 2579 480 2629 multotiens
503 2578 860 2643 patiebantur,
886 2577 1014 2642 quia
1037 2583 1162 2642 post
1185 2576 1420 2626 multum
1443 2575 1684 2625 laborem
1707 2591 1817 2625 non
1839 2581 2093 2642 poterant

163 2669 317 2735 quasi
339 2667 645 2719 satisfacere
667 2667 982 2718 necessitati
1012 2667 1253 2732 corporis
1275 2673 1328 2716 et
1350 2664 1570 2716 utilitati
1591 2665 1772 2715 anime
1794 2663 2087 2730 providere.

166 2754 414 2820 Cumque
437 2754 550 2819 jam
579 2754 732 2820 quasi
762 2753 852 2804 illa
881 2752 1080 2803 domus
1111 2759 1257 2802 esset
1285 2750 1548 2812 edificata,
1581 2768 1708 2801 ecce
1735 2767 1980 2801 reversus
2010 2759 2093 2801 est

165 2843 235 2895 ad
257 2845 436 2895 locum
461 2843 615 2894 illum
636 2842 830 2894 beatus
857 2843 1191 2903 FranciSCUS,
1224 2849 1278 2892 et
1301 2840 1432 2892 dum
1454 2841 1756 2907 quiesceret
1779 2841 1833 2890 in
1855 2839 2091 2906 quadam

163 2933 354 2985 cellula
388 2935 439 2984 in
481 2941 643 2984 nocte
683 2932 943 2999 quadam,
985 2931 1193 2982 audivit
1235 2933 1290 2982 in
1330 2948 1490 2982 mane
1531 2932 1827 2982 tumultum
1871 2929 2092 2982 fratrum

163 3020 254 3086 qui
303 3020 625 3070 laborabant
672 3020 757 3082 ibi,
808 3027 863 3071 et
909 3020 1051 3085 cepit
1107 3019 1286 3069 mirari
1339 3017 1471 3085 quid
1519 3018 1621 3068 hoc
1668 3025 1826 3068 esset.
1929 3016 2092 3068 Unde

165 3106 518 3172 interrogavit
570 3107 777 3156 socium
831 3122 991 3156 suum
1045 3104 1259 3155 dicens:
1321 3103 1458 3170 Quis
1511 3111 1596 3154 est
1650 3103 1737 3153 hic
1791 3103 2093 3154 tumultus?

167 3194 313 3261 Quid
360 3204 654 3262 operantur
699 3196 773 3245 illi
822 3195 1049 3246 fratres?
1131 3193 1324 3246 Socius
1369 3194 1482 3259 ejus
1531 3194 1767 3244 narravit
1813 3194 1860 3243 ei
1907 3193 2092 3243 omnia

165 3284 305 3335 sicut
343 3294 509 3336 erant.
609 3284 716 3351 Qui
758 3285 943 3335 statim
992 3283 1116 3334 fecit
1161 3283 1340 3334 vocari
1385 3283 1705 3346 ministrum,
1757 3281 1943 3332 dicens
1984 3281 2430 3359 illi³Lemmens,28.

170 3373 369 3436 Frater,
413 3375 515 3425 iste
560 3374 708 3425 locus
754 3382 837 3425 est
893 3374 1063 3424 forma
1110 3381 1163 3424 et
1217 3373 1535 3438 exemplum
1583 3373 1749 3422 totius
1798 3371 2086 3437 religionis

173 3461 336 3514 Unde
357 3465 528 3529 magis
548 3464 675 3514 volo
696 3463 848 3530 quod
873 3464 1061 3514 fratres
1084 3464 1239 3513 istius
1263 3463 1365 3513 loci
1388 3463 1693 3512 sustineant
1714 3460 2093 3512 tribulationes

170 3559 225 3602 et
253 3555 599 3604 necessitates
628 3571 812 3604 amore
853 3553 1082 3604 Domini
1125 3552 1247 3615 Dei,
1278 3561 1338 3603 ut
1380 3552 1570 3602 fratres
1612 3551 1783 3602 totius
1813 3550 2092 3616 religionis
