2449 3927
248 193 321 254 98
391 188 911 240 DESCRIPTION
937 189 1038 240 OF
1059 188 1113 239 A
1136 189 1634 242 FRANCISCAN
1663 189 2169 242 MANUSCRIPT

244 342 463 392 mittere
480 339 747 406 quosdam
769 340 959 391 fratres
976 357 1100 390 cum
1123 340 1420 406 piscidibus
1439 357 1533 407 per
1551 342 1828 392 universas
1848 342 2172 406 provinciaS‚

245 439 304 480 ut
333 430 662 496 ubicumque
683 430 985 480 invenirent
1012 446 1210 495 corpus
1241 430 1440 482 Christi
1463 430 1646 481 illicite
1673 430 2014 491 collocatum,
2040 430 2171 481 illud

243 518 539 570 honorifice
566 520 621 569 in
649 520 777 585 ipsis
805 519 1148 571 collocarent.

362 608 504 659 Nam
535 616 755 674 propter
782 610 1133 659 reverentiam
1176 610 1500 660 sanctissimi
1540 611 1782 675 corporis
1810 616 1863 660 et
1890 610 2171 675 sanguinis

246 697 471 749 Domini
512 699 682 748 nostri
723 698 848 763 Jesu
891 698 1089 750 Christi
1115 699 1291 749 voluit
1331 699 1580 750 similiter
1620 700 1753 765 poni
1796 700 1849 749 in
1879 699 2081 765 regula,
2111 706 2171 750 ut

243 787 407 838 verba
433 795 489 838 et
530 788 750 838 nomina
790 788 1019 838 Domini
1060 788 1277 854 scripta,
1319 806 1413 854 per
1453 806 1560 854 que
1599 788 1879 839 conficitur
1920 790 2173 839 sanctiss-

243 876 413 927 imum
454 885 871 938 sacramentum,
910 876 1114 939 fratreS,
1161 877 1487 943 ubicumque
1533 879 1836 928 invenirent
1882 894 1992 928 non
2035 878 2173 929 bene

243 967 483 1031 reposita
523 967 605 1017 vel
648 984 757 1017 non
799 967 1030 1017 honeste
1071 968 1124 1017 in
1167 967 1350 1033 aliquo
1387 968 1628 1033 jacerent
1668 967 1924 1033 dispersa,
1968 968 2174 1018 recolli-

242 1064 433 1120 gerent
454 1063 508 1106 et
536 1063 877 1122 reponerent,
904 1056 1231 1107 honorantes
1258 1056 1561 1107 Dominum
1589 1058 1643 1107 in
1670 1056 2007 1112 sermonibus
2035 1074 2173 1123 quos

243 1145 453 1196 locutus
483 1155 576 1198 est.

361 1236 532 1287 Multa
585 1237 729 1287 enim
785 1235 1192 1287 sanctificantur
1246 1253 1340 1302 per
1391 1236 1558 1287 verba
1612 1236 1730 1298 Dei,
1757 1243 1811 1286 et
1864 1237 1919 1286 in
1972 1237 2174 1287 virtute

228 1326 534 1377 rverborum
566 1326 764 1378 Christi
794 1326 978 1376 altaris
1006 1325 1283 1376 conficitur
1311 1334 1729 1377 sacramentum.

358 1415 431 1466 Et
461 1416 586 1466 licet
614 1432 723 1466 non
752 1415 1008 1465 scriberet
1037 1415 1138 1465 ista
1166 1416 1222 1465 in
1249 1415 1450 1481 regula,
1483 1415 1724 1465 maxime
1764 1416 1891 1481 quia
1919 1414 2172 1466 fratribus

245 1505 503 1555 ministris
557 1522 667 1555 non
707 1504 995 1555 videbatur
1040 1504 1248 1554 bonum
1294 1512 1354 1554 ut
1402 1505 1591 1555 fratres
1644 1504 1747 1555 hoc
1799 1505 2063 1556 haberent
2116 1506 2170 1556 in

244 1594 517 1659 mandatO,
568 1604 751 1652 tamen
788 1603 1008 1645 sanctus
1059 1602 1213 1660 pater
1248 1596 1302 1645 in
1345 1602 1676 1645 testamento
1715 1611 1814 1645 suo
1853 1602 1908 1645 et
1950 1596 2004 1645 in
2052 1595 2171 1646 aliis

236 1686 350 1736 suis
404 1686 615 1751 scriptis
669 1685 918 1737 fratribus
985 1685 1282 1752 relinquere
1333 1686 1504 1736 voluit
1556 1684 1624 1736 de
1676 1685 1777 1736 hiis
1829 1686 2171 1737 voluntatem

237 1793 411 1828 suam.

354 1865 638 1932 Quosdam
693 1866 827 1917 alios
882 1865 1071 1917 fratres
1125 1883 1218 1931 per
1271 1867 1547 1917 universas
1598 1866 1904 1931 provincias
1959 1866 2173 1915 mittere

234 1957 415 2008 voluit
454 1973 578 2007 cum
619 1956 775 2007 bonis
823 1963 878 2006 et
918 1956 1155 2022 pulchris
1212 1955 1551 2006 ferramentis
1589 1955 1892 2006 hostiarum
1935 1954 2004 2006 ad
2047 1955 2171 2006 faci-

244 2046 446 2097 endum
490 2046 644 2096 omni
687 2053 934 2110 tempore
979 2045 1202 2096 hostias,

359 2136 612 2202 Cumque
644 2135 865 2201 eligeret
891 2134 938 2186 b.
973 2135 1290 2185 Franciscus
1319 2134 1389 2185 de
1417 2135 1520 2185 illis
1540 2134 1792 2185 fratribus
1820 2152 1957 2202 quos
1986 2152 2169 2185 secum

241 2227 459 2278 volebat
487 2225 698 2287 ducere,
727 2225 869 2276 dixit
897 2224 968 2276 ad
997 2225 1144 2276 illos:
1190 2224 1276 2275 Ite
1316 2227 1370 2275 in
1410 2226 1632 2276 nomine
1657 2225 1886 2279 Domini
1927 2225 2088 2292 [bini]
2117 2233 2171 2276 et

244 2317 357 2368 bini
401 2315 630 2366 honeste
678 2332 772 2381 per
818 2316 962 2366 viam
1007 2323 1062 2366 et
1109 2315 1351 2365 maxime
1396 2331 1520 2365 cum
1565 2315 1782 2366 silentio
1821 2359 1832 2370 .
1878 2358 1887 2366 .
1934 2357 1943 2366 .
1990 2316 2076 2383 [as
2115 2314 2171 2365 in

243 2407 540 2468 Lemmen5‚
583 2423 629 2471 p.
677 2416 762 2468 73,
807 2401 831 2473 ἓ
880 2402 1007 2472 37]1
1050 2405 1104 2455 in
1145 2406 1329 2471 quiete
1357 2412 1411 2455 et
1454 2404 1748 2455 solitudine
1789 2405 1844 2455 in
1884 2404 2019 2455 cella
2059 2422 2169 2467 sua,

246 2513 437 2564 parum
482 2494 705 2561 prodest
751 2495 1007 2561 religioso
1054 2494 1188 2546 cella
1237 2511 1400 2545 manu
1451 2494 1603 2549 facta.

361 2586 441 2637 Ut
480 2593 662 2636 autem
705 2592 1066 2651 pervenerunt
1106 2583 1373 2646 Aretium‚
1416 2583 1734 2636 scandalum
1778 2585 2081 2635 maximum
2119 2592 2175 2635 et
2192 2594 2260 2658 ff.
2287 2595 2342 2634 ΙΙ.
2365 2590 2446 2633 Cel.

247 2676 450 2727 bellum
481 2683 595 2726 erat
623 2675 777 2741 quasi
811 2691 906 2740 per
935 2682 1108 2725 totam
1150 2675 1424 2725 civitatem
1454 2673 1542 2725 die
1583 2682 1854 2740 noctuque
1894 2675 2176 2725 occasione
2190 2663 2249 2698 ¹¹”
2272 2659 2335 2699 ⁷4⁶

248 2766 480 2817 duarum
526 2766 758 2830 partium
804 2781 912 2830 que
960 2763 1129 2830 longo
1168 2772 1419 2830 tempore
1466 2782 1524 2814 se
1575 2764 1881 2815 adinvicem
1929 2763 2170 2818 oderant.

247 2855 456 2908 Videns
484 2855 587 2906 hoc
615 2855 663 2906 b.
696 2855 739 2904 F
744 2855 1013 2905 ranciscus
1042 2861 1096 2904 et
1124 2853 1349 2904 audiens
1379 2862 1593 2905 tantum
1631 2871 1901 2905 rumorem
1931 2862 1986 2904 et
2013 2854 2176 2904 clam-

249 2962 398 2996 orem
443 2961 536 3010 per
576 2943 721 2995 diem
764 2951 819 2994 et
848 2951 1084 3011 noctem,
1117 2961 1240 3000 cum
1281 2952 1423 2995 esset
1463 2943 1773 3010 hospitatus
1814 2945 1866 2994 in
1893 2943 2173 3010 quoddam

248 3035 364 3102 (sic)
411 3034 664 3100 hospitali
713 3035 768 3084 in
816 3033 989 3100 burgo
1035 3042 1194 3084 extra
1235 3034 1524 3096 civitatem,
1572 3034 1747 3084 visum
1792 3034 1890 3084 fuit
1935 3034 1982 3084 ei
2026 3033 2174 3100 quod

251 3125 513 3175 demones
554 3123 623 3174 de
663 3122 766 3173 hiis
808 3125 1122 3175 exultarent
1161 3130 1215 3173 et
1256 3124 1540 3174 incitarent
1580 3140 1772 3173 omnes
1814 3123 2061 3174 homines
2102 3123 2171 3174 ad

251 3213 642 3265 destruendum
696 3214 969 3264 civitatem
1018 3229 1141 3263 cum
1190 3213 1316 3279 igne
1361 3221 1415 3264 et
1468 3213 1585 3263 aliis
1638 3213 1898 3278 periculis,
2010 3212 2174 3264 Unde

253 3311 433 3354 motus
474 3302 543 3354 ad
584 3303 843 3368 pietatem
886 3319 1046 3367 super
1082 3301 1228 3352 illam
1269 3302 1558 3363 civitatem,
1602 3303 1677 3352 ait
1718 3302 1865 3352 fratri
1910 3301 2173 3353 Silvestro

254 3392 518 3443 sacerdoti
546 3392 759 3443 homini
800 3391 921 3454 Dei,
953 3408 1151 3457 magne
1191 3390 1328 3454 fidei,
1359 3392 1491 3442 mire
1530 3391 1895 3458 simplicitatis
1935 3398 1990 3441 et
2031 3392 2173 3457 puri-

458 3553 472 3577 1
489 3552 697 3592 habemus
717 3552 869 3591 cellam
890 3551 1109 3590 nobiscum
1131 3550 1228 3602 (for
1246 3551 1484 3602 hujusmodi
1505 3551 1615 3591 cella
1633 3551 1852 3591 nobiscum
1872 3550 1969 3603 est).
