2449 3927
95 2140 162 2204 56

336 186 780 238 FORMERLY
825 185 904 235 IN
950 185 1116 235 THE
1159 184 1566 236 PHILLIPPS
1607 185 1962 235 LIBRARY
2041 198 2107 250 45

177 339 249 388 mi
279 338 576 400 karissime,
617 353 720 403 ego
762 336 924 386 aliam
963 336 1109 385 viam
1155 352 1265 385 non
1307 335 1464 385 video
1507 336 1610 385 nisi
1651 336 1799 401 quod
1838 336 2005 387 vadas
2047 337 2116 388 ad

177 445 376 494 papam
407 436 460 478 et
487 444 620 493 roga
650 443 772 477 eum
802 424 949 492 quod
977 442 1163 475 amore
1191 424 1392 476 Christi
1421 434 1474 474 et
1505 426 1677 475 sancti
1702 425 1971 479 Francisci
1997 427 2114 492 ejus

177 517 430 584 signiferi,
463 518 614 567 cuius
658 515 879 565 monitis
922 514 1165 564 seculum
1209 514 1412 580 reliqui,
1447 514 1515 564 ab
1545 517 2116 567 excommunicatione

177 625 264 658 me
305 608 558 658 absolvat
599 613 653 655 et
693 605 944 655 habitum
987 604 1263 670 religionis
1304 605 1569 654 restituat.
1659 604 1970 670 Respondit
2000 622 2117 671 ger-

178 714 400 748 manus:
459 696 720 746 Libenter
774 711 870 760 pro
924 693 1101 744 salute
1155 702 1248 744 tua
1303 694 1581 754 laborabo,
1633 695 1677 743 si
1725 703 1917 758 potero
1972 695 2114 746 hanc

177 787 408 853 gratiam
438 786 689 836 invenire.
774 784 845 833 Et
873 801 903 833 a
931 800 1102 849 regno
1147 782 1326 834 Sicilie
1357 800 1586 849 pergens
1615 781 1682 832 ad
1713 800 1929 848 papam,
1959 785 2115 849 petiit

175 876 451 926 humiliter
490 891 679 924 amore
720 872 920 924 Christi
963 881 1017 922 et
1059 874 1232 922 sancti
1282 872 1553 922 Francisci
1603 871 1955 927 antedictam.
2038 874 2113 924 Et

178 965 382 1016 factum
424 972 507 1014 est
547 962 696 1029 quod
738 961 921 1013 divina
960 964 1137 1028 gratia
1177 961 1503 1027 disponente
1544 970 1599 1012 et
1639 963 1810 1012 sancti
1842 961 2113 1012 Francisci

176 1056 423 1105 oratione
446 1054 671 1117 juvante
699 1051 954 1102 dominus
998 1068 1138 1117 papa
1181 1052 1448 1102 concessit
1489 1051 1638 1102 dicto
1682 1051 1840 1113 fratri,
1872 1050 2037 1118 quod,
2071 1052 2113 1101 si

176 1143 392 1194 fratrem
438 1142 681 1208 Helyam
722 1143 901 1192 vivum
952 1142 1184 1207 reperire
1231 1142 1554 1208 contigeret,
1597 1159 1670 1191 ex
1712 1148 1867 1206 parte
1909 1158 2003 1191 sua
2045 1142 2113 1191 ab

176 1233 751 1285 excommunicatione
799 1233 980 1297 ipsum
1028 1231 1336 1282 absolveret
1386 1239 1441 1281 et
1490 1232 1798 1281 restitueret
1843 1230 2107 1281 habitum.

176 1322 366 1374 Frater
391 1339 519 1372 vero
547 1321 822 1387 predictus
864 1320 932 1371 de
974 1322 1120 1372 curia
1163 1321 1354 1371 exiens
1398 1320 1720 1371 festinanter
1761 1321 1862 1370 iter
1891 1320 2114 1384 arripuit

175 1429 360 1463 versus
389 1429 616 1478 regnum
648 1411 830 1463 Sicilie
872 1410 942 1461 ad
984 1411 1206 1461 fratrem
1251 1409 1509 1476 Helyam,
1540 1417 1600 1460 ut
1628 1410 1872 1475 superius
1903 1408 2111 1471 dicitur,

176 1501 607 1565 absolvendum;
662 1509 716 1552 et
763 1501 946 1552 divina
992 1501 1194 1552 virtute
1250 1501 1481 1550 faciente
1535 1517 1597 1550 ac
1644 1500 1893 1550 oratione
1941 1500 2113 1549 sancti

176 1591 450 1643 Francisci
492 1593 833 1658 impetrante,
875 1591 1146 1658 predictus
1188 1590 1348 1641 frater
1390 1591 1587 1657 reperit
1626 1607 1750 1640 eum
1792 1589 1994 1650 vivum,
2023 1587 2115 1655 qui

179 1683 400 1732 fratrem
431 1681 670 1748 Helyam
699 1682 855 1748 quasi
884 1682 938 1732 in
966 1682 1229 1731 extremis
1270 1681 1612 1731 laborantem
1655 1680 1956 1745 reliquerat.
2042 1679 2115 1729 Et

179 1771 521 1822 absolutione
550 1771 727 1837 papali
771 1779 987 1837 recepta
1029 1789 1090 1822 ac
1130 1772 1294 1821 etiam
1336 1770 1522 1820 habitu
1564 1771 1816 1819 restituto
1860 1769 2114 1833 migravit

178 1859 247 1912 ad
276 1861 596 1913 Dominum.
678 1860 846 1927 Quod
889 1860 1209 1911 beneficium
1249 1859 1481 1911 creditur
1508 1859 1608 1910 sibi
1637 1861 1691 1908 in
1719 1858 1825 1908 fine
1851 1858 2109 1909 collatum

179 1951 384 2001 meritis
415 1953 587 2001 sancti
618 1951 902 2013 Francisci,
924 1950 992 2001 de
1020 1951 1174 2016 cujus
1200 1950 1539 2001 orationibus
1569 1949 1687 2015 ipse
1714 1948 1878 1998 frater
1900 1947 2110 2014 Helyas

179 2049 395 2092 tantum
424 2042 646 2106 gavisus
676 2041 865 2103 fuerat,
896 2042 1155 2092 evenisse.
1238 2039 1329 2090 Ad
1363 2038 1580 2089 laudem
1610 2038 1821 2090 Christi.
1905 2036 2108 2089 Amen.

294 2130 348 2199 (f.
381 2133 410 2182 8
419 2130 496 2199 7¹)
541 2131 790 2194 Qualiter
816 2132 1006 2195 frater
1049 2131 1244 2181 Petrus
1290 2138 1340 2179 el
1361 2130 1551 2194 frater
1594 2127 1862 2180 Corradus
1892 2129 2114 2189 fuerunt

178 2221 277 2271 due
316 2223 463 2272 stelle
495 2222 819 2289 prffulgz'de.

292 2311 636 2363 Venerabilis
684 2310 939 2362 sacerdos
984 2311 1090 2361 Dei
1139 2311 1300 2361 frater
1349 2310 1540 2360 Petrus
1589 2308 1658 2359 de
1708 2307 2010 2359 Monticulo
2057 2315 2110 2359 et

180 2399 343 2451 frater
372 2401 650 2453 Corardus
680 2400 750 2451 de
791 2400 973 2453 Offida
995 2401 1105 2451 vite
1146 2399 1408 2451 mirabilis
1438 2416 1620 2449 coram
1650 2398 1774 2448 Deo
1801 2406 1856 2448 et
1878 2397 2110 2447 homini-

179 2490 299 2552 buS,
327 2492 415 2541 isti
459 2490 571 2541 duo
600 2499 884 2558 tamquam
913 2490 1021 2541 due
1058 2490 1214 2541 stelle
1236 2489 1539 2556 prefulgide
1559 2489 1838 2555 provincie
1870 2486 2109 2537 Marchie

180 2587 235 2630 et
262 2579 511 2631 homines
539 2582 762 2631 celestes
792 2581 1081 2646 angelique
1108 2588 1403 2642 terrestreS,
1427 2578 1556 2628 dum
1581 2577 1745 2628 semel
1775 2585 2110 2628 morarentur

180 2670 235 2719 in
276 2667 664 2721 Anchonitana
704 2669 973 2732 custodia,
1006 2669 1144 2719 forte
1185 2669 1239 2719 in
1280 2668 1398 2719 loco
1441 2668 1656 2729 Forani,
1698 2668 1790 2733 qui
1831 2667 1907 2716 eis
1948 2665 2109 2731 pluri-

184 2775 335 2809 mum
364 2759 752 2825 complacebat,
785 2766 1006 2825 propter
1035 2759 1332 2808 maximam
1366 2757 1714 2808 dilectionem
1755 2773 1862 2822 qua
1889 2754 2109 2805 insimul

183 2849 531 2914 copulatione
572 2848 758 2900 Sancti
802 2848 1036 2914 Spiritus
1085 2848 1430 2909 coherebant,
1481 2849 1556 2897 ita
1603 2846 1752 2913 quod
1798 2845 1952 2912 quasi
2001 2861 2108 2894 una

183 2939 366 2989 anima
404 2938 749 3000 videbantur,
793 2938 862 2988 ali
892 2946 1053 3004 pacto
1095 2954 1152 2986 se
1192 2938 1426 2988 invicem
1465 2937 1783 3002 ligaverunt,
1813 2943 1886 2997 ut,
1916 2950 2108 3001 quam-

183 3044 416 3094 cumque
456 3027 892 3078 consolationem
942 3026 1309 3077 misericordia
1351 3025 1456 3076 Dei
1498 3026 1657 3075 alicui
1699 3026 1939 3090 ipsorum
1980 3040 2106 3074 con-

182 3117 409 3179 cederet,
452 3118 506 3167 in
550 3119 775 3168 caritate
822 3117 928 3167 Dei
969 3117 1106 3167 alter
1145 3116 1298 3166 alteri
1340 3115 1613 3165 revelaret.
1698 3114 1770 3164 Et
1809 3113 1912 3163 hoc
1944 3120 2104 3178 pacto

181 3207 413 3270 firmatO,
461 3223 585 3257 cum
649 3205 889 3272 quadam
951 3205 1038 3255 die
1084 3203 1259 3255 dictus
1305 3204 1467 3254 frater
1519 3203 1707 3253 Petrus
1759 3201 2106 3252 devotissime

183 3297 535 3348 meditaretur
562 3297 617 3346 in
646 3297 899 3361 passione
928 3294 1151 3356 Christi,
1179 3302 1233 3344 et
1261 3292 1541 3360 quomodo
1571 3299 1744 3342 mater
1763 3291 1879 3356 ejus
1907 3291 2102 3341 beatis-

182 3388 320 3437 sima
347 3393 401 3436 et
427 3385 704 3451 Johannes
737 3384 1081 3434 dulcissimus
1123 3381 1419 3448 discipulus
1460 3398 1585 3432 cum
1615 3380 1833 3432 Christo
1860 3379 2102 3430 crucifixi

182 3475 492 3536 manebant,
535 3483 590 3525 et
631 3475 853 3538 insuper
892 3473 1083 3523 beatus
1124 3479 1277 3537 pater
1323 3477 1509 3521 noster
1556 3470 1872 3520 Franciscus
1919 3486 2100 3519 coram

181 3564 440 3616 crucifixo
481 3563 767 3615 crucifixus
814 3562 1041 3624 astabat,
1089 3561 1288 3612 devota
1328 3560 1638 3610 curiositate
1677 3559 1930 3625 cupiebat
1971 3559 2103 3609 scire

2128 2139 2275 2188 [Actus
2296 2137 2379 2187 74.]

2128 2190 2316 2238 Fioretti‚
2339 2205 2406 2240 44.
