2449 3927
370 187 809 241 FORMERLY
853 190 932 241 IN
976 190 1139 242 THE
1180 191 1584 243 PHILLIPPS
1628 192 1984 244 LIBRARY.
2078 207 2143 256 19

328 337 439 393 Cap.
466 350 518 381 12
540 354 548 382 z
585 347 662 382 aut
684 339 744 382 ad
766 353 972 383 mensam
995 339 1040 382 in
1063 353 1155 383 una
1179 340 1422 396 paropside
1456 341 1681 385 comedat.
1747 342 1818 385 At
1836 343 1912 385 the
1934 342 2048 386 end:
2087 356 2145 386 an

213 411 436 467 ignoratis
468 413 577 470 quia
609 415 816 458 membra
837 423 988 459 vestra
1009 416 1236 471 templum
1268 425 1373 460 sunt
1410 416 1602 473 Spiritus
1637 417 1816 461 sancti?
1854 468 1856 471 y
1884 420 2046 474 Itaque
2069 419 2144 474 qui

211 490 431 545 templum
465 490 552 533 Dei
586 490 830 546 violaverit,
863 491 1094 548 disperdet
1127 490 1250 535 illum
1285 493 1416 536 Deus
1451 495 1523 549 (as
1557 494 1607 537 in
1642 493 1825 551 Angelo
1848 495 1900 536 de
1933 495 2142 549 Clas-eno,

213 565 277 607 ed.
308 565 472 620 Olz'ger
487 581 528 622 p.
556 567 672 620 218).

328 643 437 697 Cap.
467 654 520 697 13
540 656 549 684 :
586 643 660 685 De
683 641 871 686 vitanda
891 642 1189 687 fornicatione
1212 645 1321 702 <sor
1338 646 1412 688 De
1434 644 1668 700 punitione
1692 645 2049 702 fornicatorum).

325 718 436 774 Cap.
463 730 515 760 21
540 733 548 760 :
584 719 683 761 add
694 723 747 761 at
764 719 840 762 tlte
861 720 979 762 end:
1013 727 1062 763 ut
1085 734 1223 763 omne
1246 722 1419 764 bonurn
1444 720 1677 777 accipiatis
1701 736 1729 765 a
1754 721 1967 766 Domino.

326 794 438 849 Cap.
476 806 531 836 22
552 808 561 836 :
602 795 700 837 add
725 795 851 853 aster
876 794 1032 839 dicens
1066 797 1125 852 (p.
1162 809 1219 839 22
1253 797 1279 840 1.
1320 800 1390 853 19)
1412 813 1419 840 :
1468 797 1680 841 Clarifica
1718 812 1890 841 nomen
1928 806 2054 841 tuum
2094 807 2139 843 et

210 867 406 911 clarifica
439 867 575 911 filium
609 876 737 912 tuum
769 878 817 913 ut
851 869 969 913 filius
1002 878 1105 914 tuus
1139 871 1356 915 clarificet
1379 881 1437 916 te.
1517 873 1566 915 P.
1603 886 1673 929 23,
1712 873 1738 915 l.
1782 885 1832 916 1:
1883 872 2138 929 Sanctifica‚

212 943 321 1001 (sor
349 943 577 1000 Mirifica).
643 945 762 988 Ada'
779 946 905 1004 after
920 946 996 1003 qui
1021 946 1233 991 credituri
1256 957 1361 991 sunt
1385 956 1567 1005 propter
1588 950 1779 993 verbum
1803 963 1961 992 eorum
1985 951 2045 1005 (p.
2067 962 2137 1005 23,

209 1021 235 1062 l.
275 1022 345 1076 5):
382 1028 429 1062 ut
457 1033 617 1063 omnes
649 1035 792 1065 unum
827 1021 918 1066 sint
949 1022 1065 1068 sicut
1093 1031 1142 1067 tu
1172 1032 1303 1080 pater
1330 1023 1376 1066 in
1408 1039 1482 1069 me
1503 1033 1549 1068 et
1573 1038 1660 1080 ego
1681 1024 1727 1068 in
1750 1033 1794 1068 te
1826 1033 1874 1069 ut
1906 1033 1950 1069 et
1978 1023 2063 1081 ipsi
2097 1024 2142 1069 in

209 1096 341 1141 nobis
374 1111 515 1139 unum
546 1097 648 1153 sint,
678 1106 723 1142 et
753 1099 913 1143 credat
937 1101 1136 1144 mundus
1157 1100 1265 1156 quia
1286 1109 1335 1145 tu
1357 1116 1430 1145 me
1455 1100 1627 1145 misisti.
1692 1102 1753 1145 Et
1776 1116 1865 1157 ego
1887 1101 2141 1146 claritatem

210 1186 362 1242 quam(
378 1171 540 1216 dedisti
569 1172 706 1216 michi
729 1173 835 1218 dedi
857 1173 922 1219 eis
945 1183 995 1218 ut
1016 1175 1106 1219 sint
1129 1190 1271 1219 unum
1293 1176 1408 1220 sicut
1430 1190 1513 1220 nos
1536 1191 1677 1221 unum
1701 1191 1871 1232 sumuS,
1896 1192 1984 1233 ego
2006 1176 2052 1220 in
2075 1178 2139 1222 eis

209 1256 253 1291 et
276 1256 325 1291 tu
346 1263 392 1291 m
414 1263 503 1292 me.

322 1324 433 1380 Cap.
458 1338 515 1380 23
535 1340 544 1368 :
586 1325 757 1382 Oratio,
781 1328 822 1369 is
844 1328 1039 1371 omitted.

327 1400 372 1442 T
366 1401 471 1444 ltere
501 1415 580 1444 are
611 1416 749 1460 many
781 1403 916 1446 other
941 1404 1168 1447 variants.
1241 1405 1301 1447 In
1334 1419 1471 1462 many
1491 1406 1655 1461 points
1687 1405 1762 1449 the
1793 1410 1891 1448 text
1920 1406 2138 1449 coincides

208 1475 326 1519 with
349 1477 424 1519 the
445 1481 544 1520 text
562 1479 682 1521 used
694 1479 750 1536 by
771 1480 1121 1524 Bartholomew
1143 1480 1201 1538 of
1211 1481 1340 1523 Pisa.

160 1605 190 1641 2
321 1590 374 1656 (f.
408 1593 486 1658 5v)
562 1592 761 1659 Incipit
796 1593 1136 1662 (confirmatio
1161 1593 1432 1662 secunde)1
1462 1596 1639 1663 regale
1675 1595 1815 1647 beati
1845 1597 2130 1657 Franczlrci,
2154 1618 2317 1669 Regula

208 1688 293 1732 etc·
2151 1671 2323 1712 bullata.

217 1768 674 1871 N1COLAUS
723 1802 1007 1868 episcopus
1060 1843 1070 1853 .
1130 1843 1142 1855 .
1198 1843 1208 1854 .
1263 1802 1473 1857 Literas
1527 1802 1693 1854 felicis
1748 1803 2132 1854 recordationis

211 1892 445 1943 Honorii
492 1910 632 1959 pape
671 1893 816 1943 tertii
861 1922 1007 1930 —-—-
1054 1892 1203 1943 Data
1252 1892 1463 1945 Suriani
1511 1895 1590 1944 xii
1636 1893 1739 1945 kal.
1794 1893 2131 1960 Septembris

207 1981 553 2046 pontificatus
595 1983 764 2033 nostri
805 1999 951 2032 anno
992 1977 1058 2033 ii⁰.
1138 1983 1226 2050 [21
1276 1982 1421 2048 Aug.
1472 1983 1657 2051 1279]

318 2115 390 2158 At
418 2117 493 2159 the
523 2117 619 2159 end
642 2117 703 2175 of
723 2116 798 2159 the
825 2116 929 2159 bull
953 2116 1078 2159 Solet
1108 2130 1322 2172 annuere,
1348 2117 1423 2160 the
1449 2118 1707 2162 rubricator
1728 2119 1874 2161 adds:
1910 2118 2018 2162 God
2042 2132 2129 2163 von

205 2192 549 2246 hymmelriche.

156 2335 183 2386 3
317 2314 368 2380 (f.
399 2315 482 2381 7V)
520 2313 714 2379 Incipit
740 2313 1021 2363 declaratio
1052 2314 1259 2364 domini
1281 2315 1349 2364 N
1333 2316 1520 2381 ycolay
1533 2325 1676 2382 pape
1701 2325 1858 2382 super
1882 2317 2127 2383 regulam

205 2402 345 2452 beati
367 2403 656 2455 Francisci.

214 2491 681 2593 NICOLAUS
723 2523 1012 2589 episcopus
1054 2564 1063 2574 .
1107 2565 1117 2575 .
1160 2565 1170 2575 .
1213 2524 1374 2575 Exiit
1414 2526 1505 2591 qui
1547 2526 1779 2577 seminat
1807 2556 1952 2563 -——
1983 2525 2130 2576 Data
2149 2550 2260 2589 Exiit
2279 2551 2349 2602 qui

207 2611 420 2664 Suriani
467 2614 618 2663 xviiii
670 2613 776 2664 kal.
825 2612 1160 2679 Septembris
1216 2613 1559 2679 pontificatus
1615 2616 1784 2666 nostri
1830 2632 1976 2665 anno
2025 2629 2044 2665 Ι
2064 2618 2130 2665 1.0
2148 2606 2340 2645 seminat.

205 2704 302 2771 [14
344 2703 488 2769 Aug.
540 2704 722 2770 1279]

315 2793 551 2858 Explicit
571 2793 852 2844 declaratio
879 2793 1089 2843 domini
1118 2794 1185 2842 N
1171 2794 1361 2858 ycolay
1373 2803 1514 2860 pape
1541 2795 1689 2845 tertii
1709 2805 1867 2860 super
1890 2795 2129 2861 regulam

188 2884 441 2946 fratrum
470 2882 750 2932 minorum.

313 3015 347 3056 I
345 3029 377 3057 n
400 3014 474 3056 the
495 2987 751 3069 exposition
773 3014 830 3072 of
843 3015 954 3069 Cap.
981 3027 1006 3056 2
1031 3016 1232 3071 opposite
1254 3016 1329 3059 the
1350 3017 1535 3059 words:
1571 3017 1710 3059 Porro
1732 3030 1838 3059 curn
1856 3016 2014 3071 regula
2033 3016 2131 3072 ipsa

202 3103 416 3146 expresse
450 3088 680 3132 contineat
712 3090 838 3145 quod
871 3090 1027 3133 fratres
1060 3090 1196 3133 nichil
1229 3091 1313 3134 sibi
1348 3091 1666 3147 approprient:
1709 3093 1783 3135 the
1815 3092 2000 3149 margin
2043 3093 2129 3135 has

205 3169 333 3210 Nota
354 3167 472 3209 bene
496 3165 545 3208 in
564 3166 682 3220 gold
697 3166 859 3208 letters.

149 3322 183 3371 4
313 3295 366 3361 (f.
406 3295 519 3361 14v)
569 3257 1021 3361 NICOLAUS
1063 3294 1348 3360 episcopus
1390 3337 1399 3345 .
1450 3336 1460 3346 .
1503 3336 1511 3344 .
1560 3293 1770 3345 Literas
1804 3294 1890 3345 fel.
1920 3294 2122 3346 record.
2138 3317 2400 3368 [Stigmata]

200 3383 446 3450 Gregorii
473 3401 615 3450 pape
655 3383 783 3433 noni
824 3424 833 3432 .
880 3424 889 3433 .
941 3424 952 3434 .
996 3382 1291 3443 Confessor
1331 3383 1556 3434 Domini
1597 3413 1743 3420 —-—
1785 3382 1931 3434 Data
1974 3382 2121 3434 Suri-

200 3474 288 3524 ani
330 3473 499 3525 V1110
539 3473 662 3524 Kal.
707 3471 876 3538 Sept„
919 3488 966 3537 p.
1010 3488 1058 3522 n.
1102 3489 1246 3522 anno
1293 3471 1379 3522 11⁰
1420 3473 1511 3540 [25
1557 3471 1717 3538 Aug„
1770 3473 1949 3540 1279}

934 3585 950 3610 1
965 3586 1114 3626 Added
1133 3587 1175 3625 in
1196 3587 1378 3638 margin.
