<?xml version="1.0" encoding="UTF-8"?>
<!DOCTYPE html PUBLIC "-//W3C//DTD XHTML 1.0 Transitional//EN"
    "http://www.w3.org/TR/xhtml1/DTD/xhtml1-transitional.dtd">
<html xmlns="http://www.w3.org/1999/xhtml" xml:lang="en" lang="en">
 <head>
  <title>
</title>
<meta http-equiv="Content-Type" content="text/html;charset=utf-8" />
  <meta name='ocr-system' content='tesseract 3.04.00' />
  <meta name='ocr-capabilities' content='ocr_page ocr_carea ocr_par ocr_line ocrx_word'/>
</head>
<body>
  <div class='ocr_page' id='page_1' title='image "./collectaneafranc00litt_0054.png"; bbox 0 0 2449 3927; ppageno 0'>
   <div class='ocr_carea' id='block_1_1' title="bbox 228 143 2151 234">
    <p class='ocr_par' dir='ltr' id='par_1_1' title="bbox 228 143 2151 234">
     <span class='ocr_line' id='line_1_1' title="bbox 228 143 2151 234; baseline 0.001 -14"><span class='ocrx_word' id='word_1_1' title='bbox 228 184 297 234; x_wconf 85' lang='lat'>42</span> <span class='ocrx_word' id='word_1_2' title='bbox 350 143 881 222; x_wconf 79' lang='lat' dir='ltr'><strong>DESCRIPTION</strong></span> <span class='ocrx_word' id='word_1_3' title='bbox 908 170 1010 221; x_wconf 88' lang='lat' dir='ltr'>OF</span> <span class='ocrx_word' id='word_1_4' title='bbox 1031 170 1084 221; x_wconf 82' lang='lat' dir='ltr'><strong>A</strong></span> <span class='ocrx_word' id='word_1_5' title='bbox 1109 170 1610 224; x_wconf 80' lang='lat' dir='ltr'>FRANCISCAN</span> <span class='ocrx_word' id='word_1_6' title='bbox 1637 171 2151 223; x_wconf 80' lang='lat' dir='ltr'>MANUSCRIPT</span> 
     </span>
    </p>
   </div>
   <div class='ocr_carea' id='block_1_2' title="bbox 227 320 2188 3443">
    <p class='ocr_par' dir='ltr' id='par_1_2' title="bbox 227 320 2188 3443">
     <span class='ocr_line' id='line_1_2' title="bbox 228 320 2156 387; baseline 0.001 -16"><span class='ocrx_word' id='word_1_7' title='bbox 228 320 525 371; x_wconf 89' lang='lat' dir='ltr'>amicabilis</span> <span class='ocrx_word' id='word_1_8' title='bbox 568 323 841 386; x_wconf 80' lang='lat' dir='ltr'>proximO,</span> <span class='ocrx_word' id='word_1_9' title='bbox 882 329 994 372; x_wconf 91' lang='lat' dir='ltr'>tam</span> <span class='ocrx_word' id='word_1_10' title='bbox 1035 321 1215 387; x_wconf 88' lang='lat' dir='ltr'>largus</span> <span class='ocrx_word' id='word_1_11' title='bbox 1257 323 1604 387; x_wconf 79' lang='lat' dir='ltr'>pauperibuS‚</span> <span class='ocrx_word' id='word_1_12' title='bbox 1634 330 1688 372; x_wconf 90' lang='lat' dir='ltr'>et</span> <span class='ocrx_word' id='word_1_13' title='bbox 1729 330 1842 372; x_wconf 88' lang='lat' dir='ltr'>tam</span> <span class='ocrx_word' id='word_1_14' title='bbox 1884 323 2062 373; x_wconf 79' lang='lat' dir='ltr'>alacer</span> <span class='ocrx_word' id='word_1_15' title='bbox 2101 331 2156 374; x_wconf 89' lang='lat' dir='ltr'>et</span> 
     </span>
     <span class='ocr_line' id='line_1_3' title="bbox 227 408 2155 475; baseline 0.001 -15"><span class='ocrx_word' id='word_1_16' title='bbox 227 410 438 460; x_wconf 82' lang='lat' dir='ltr'>curialis</span> <span class='ocrx_word' id='word_1_17' title='bbox 476 409 795 475; x_wconf 76' lang='lat' dir='ltr'>hospitibus,</span> <span class='ocrx_word' id='word_1_18' title='bbox 879 408 1171 460; x_wconf 89' lang='lat' dir='ltr'>Curialitas</span> <span class='ocrx_word' id='word_1_19' title='bbox 1212 411 1372 471; x_wconf 84' lang='lat' dir='ltr'>enim,</span> <span class='ocrx_word' id='word_1_20' title='bbox 1409 411 1569 461; x_wconf 89' lang='lat' dir='ltr'>frater</span> <span class='ocrx_word' id='word_1_21' title='bbox 1604 410 1905 473; x_wconf 81' lang='lat' dir='ltr'>karissime,</span> <span class='ocrx_word' id='word_1_22' title='bbox 1933 419 2016 462; x_wconf 91' lang='lat' dir='ltr'>est</span> <span class='ocrx_word' id='word_1_23' title='bbox 2049 428 2155 462; x_wconf 87' lang='lat' dir='ltr'>una</span> 
     </span>
     <span class='ocr_line' id='line_1_4' title="bbox 228 498 2158 565; baseline 0.001 -16"><span class='ocrx_word' id='word_1_24' title='bbox 228 498 297 549; x_wconf 89' lang='lat' dir='ltr'>de</span> <span class='ocrx_word' id='word_1_25' title='bbox 337 499 757 565; x_wconf 87' lang='lat' dir='ltr'>proprietatibus</span> <span class='ocrx_word' id='word_1_26' title='bbox 799 498 920 560; x_wconf 92' lang='lat' dir='ltr'>Dei,</span> <span class='ocrx_word' id='word_1_27' title='bbox 965 500 1057 564; x_wconf 85' lang='lat' dir='ltr'>qui</span> <span class='ocrx_word' id='word_1_28' title='bbox 1099 499 1272 549; x_wconf 91' lang='lat' dir='ltr'>solem</span> <span class='ocrx_word' id='word_1_29' title='bbox 1320 516 1478 549; x_wconf 89' lang='lat' dir='ltr'>suum</span> <span class='ocrx_word' id='word_1_30' title='bbox 1525 506 1580 550; x_wconf 89' lang='lat' dir='ltr'>et</span> <span class='ocrx_word' id='word_1_31' title='bbox 1620 500 1865 565; x_wconf 79' lang='lat' dir='ltr'>pluviam</span> <span class='ocrx_word' id='word_1_32' title='bbox 1907 516 2060 550; x_wconf 88' lang='lat' dir='ltr'>suam</span> <span class='ocrx_word' id='word_1_33' title='bbox 2103 508 2158 550; x_wconf 90' lang='lat' dir='ltr'>et</span> 
     </span>
     <span class='ocr_line' id='line_1_5' title="bbox 227 589 2158 654; baseline 0.001 -15"><span class='ocrx_word' id='word_1_34' title='bbox 227 590 409 639; x_wconf 90' lang='lat' dir='ltr'>omnia</span> <span class='ocrx_word' id='word_1_35' title='bbox 455 606 617 654; x_wconf 88' lang='lat' dir='ltr'>super</span> <span class='ocrx_word' id='word_1_36' title='bbox 657 589 836 653; x_wconf 90' lang='lat' dir='ltr'>justos</span> <span class='ocrx_word' id='word_1_37' title='bbox 883 596 936 638; x_wconf 89' lang='lat' dir='ltr'>et</span> <span class='ocrx_word' id='word_1_38' title='bbox 990 589 1221 653; x_wconf 90' lang='lat' dir='ltr'>injustos</span> <span class='ocrx_word' id='word_1_39' title='bbox 1275 589 1546 640; x_wconf 80' lang='lat' dir='ltr'>curialiter</span> <span class='ocrx_word' id='word_1_40' title='bbox 1590 589 1953 640; x_wconf 80' lang='lat' dir='ltr'>administrat.</span> <span class='ocrx_word' id='word_1_41' title='bbox 2053 590 2158 641; x_wconf 86' lang='lat' dir='ltr'>Est</span> 
     </span>
     <span class='ocr_line' id='line_1_6' title="bbox 229 677 2161 730; baseline 0 -1"><span class='ocrx_word' id='word_1_42' title='bbox 229 679 373 729; x_wconf 89' lang='lat' dir='ltr'>enim</span> <span class='ocrx_word' id='word_1_43' title='bbox 414 679 683 729; x_wconf 90' lang='lat' dir='ltr'>curialitas</span> <span class='ocrx_word' id='word_1_44' title='bbox 729 677 980 728; x_wconf 89' lang='lat' dir='ltr'>ordinata</span> <span class='ocrx_word' id='word_1_45' title='bbox 1028 696 1178 728; x_wconf 88' lang='lat' dir='ltr'>soror</span> <span class='ocrx_word' id='word_1_46' title='bbox 1221 680 1458 729; x_wconf 88' lang='lat' dir='ltr'>caritatis</span> <span class='ocrx_word' id='word_1_47' title='bbox 1505 688 1560 730; x_wconf 88' lang='lat' dir='ltr'>et</span> <span class='ocrx_word' id='word_1_48' title='bbox 1604 680 1904 730; x_wconf 81' lang='lat' dir='ltr'>extinctrix</span> <span class='ocrx_word' id='word_1_49' title='bbox 1952 678 2063 729; x_wconf 88' lang='lat' dir='ltr'>odii</span> <span class='ocrx_word' id='word_1_50' title='bbox 2106 686 2161 729; x_wconf 88' lang='lat' dir='ltr'>et</span> 
     </span>
     <span class='ocr_line' id='line_1_7' title="bbox 229 768 2162 835; baseline 0 -17"><span class='ocrx_word' id='word_1_51' title='bbox 229 769 601 819; x_wconf 79' lang='lat' dir='ltr'>conservatrix</span> <span class='ocrx_word' id='word_1_52' title='bbox 648 769 860 818; x_wconf 88' lang='lat' dir='ltr'>amoris.</span> <span class='ocrx_word' id='word_1_53' title='bbox 958 768 1033 818; x_wconf 89' lang='lat' dir='ltr'>Et</span> <span class='ocrx_word' id='word_1_54' title='bbox 1078 769 1203 835; x_wconf 85' lang='lat' dir='ltr'>quia</span> <span class='ocrx_word' id='word_1_55' title='bbox 1258 770 1545 834; x_wconf 79' lang='lat' dir='ltr'>recognovi</span> <span class='ocrx_word' id='word_1_56' title='bbox 1594 770 1648 819; x_wconf 91' lang='lat' dir='ltr'>in</span> <span class='ocrx_word' id='word_1_57' title='bbox 1695 770 1802 820; x_wconf 92' lang='lat' dir='ltr'>isto</span> <span class='ocrx_word' id='word_1_58' title='bbox 1851 769 1999 819; x_wconf 89' lang='lat' dir='ltr'>bono</span> <span class='ocrx_word' id='word_1_59' title='bbox 2046 770 2162 819; x_wconf 89' lang='lat' dir='ltr'>viro</span> 
     </span>
     <span class='ocr_line' id='line_1_8' title="bbox 229 857 2157 924; baseline 0 -16"><span class='ocrx_word' id='word_1_60' title='bbox 229 864 439 908; x_wconf 86' lang='lat' dir='ltr'>tantam</span> <span class='ocrx_word' id='word_1_61' title='bbox 461 858 717 908; x_wconf 90' lang='lat' dir='ltr'>virtutem</span> <span class='ocrx_word' id='word_1_62' title='bbox 746 857 1000 919; x_wconf 90' lang='lat' dir='ltr'>divinam,</span> <span class='ocrx_word' id='word_1_63' title='bbox 1023 857 1145 908; x_wconf 90' lang='lat' dir='ltr'>ideo</span> <span class='ocrx_word' id='word_1_64' title='bbox 1174 857 1407 908; x_wconf 78' lang='lat' dir='ltr'>libenter</span> <span class='ocrx_word' id='word_1_65' title='bbox 1431 858 1628 908; x_wconf 90' lang='lat' dir='ltr'>vellem</span> <span class='ocrx_word' id='word_1_66' title='bbox 1657 859 1835 924; x_wconf 88' lang='lat' dir='ltr'>ipsum</span> <span class='ocrx_word' id='word_1_67' title='bbox 1857 859 1912 908; x_wconf 88' lang='lat' dir='ltr'>in</span> <span class='ocrx_word' id='word_1_68' title='bbox 1934 859 2157 909; x_wconf 90' lang='lat' dir='ltr'>socium.</span> 
     </span>
     <span class='ocr_line' id='line_1_9' title="bbox 233 946 2163 1014; baseline -0.001 -16"><span class='ocrx_word' id='word_1_69' title='bbox 233 947 580 1014; x_wconf 79' lang='lat' dir='ltr'>Quapropter</span> <span class='ocrx_word' id='word_1_70' title='bbox 608 947 734 997; x_wconf 95' lang='lat' dir='ltr'>volo</span> <span class='ocrx_word' id='word_1_71' title='bbox 762 946 910 1013; x_wconf 83' lang='lat' dir='ltr'>quod</span> <span class='ocrx_word' id='word_1_72' title='bbox 951 947 1133 1013; x_wconf 88' lang='lat' dir='ltr'>aliqua</span> <span class='ocrx_word' id='word_1_73' title='bbox 1176 947 1263 997; x_wconf 91' lang='lat' dir='ltr'>die</span> <span class='ocrx_word' id='word_1_74' title='bbox 1306 946 1585 998; x_wconf 85' lang='lat' dir='ltr'>redeamus</span> <span class='ocrx_word' id='word_1_75' title='bbox 1613 947 1682 997; x_wconf 93' lang='lat' dir='ltr'>ad</span> <span class='ocrx_word' id='word_1_76' title='bbox 1724 949 1919 1013; x_wconf 90' lang='lat' dir='ltr'>ipsum,</span> <span class='ocrx_word' id='word_1_77' title='bbox 1948 948 1991 997; x_wconf 91' lang='lat' dir='ltr'>si</span> <span class='ocrx_word' id='word_1_78' title='bbox 2024 947 2163 998; x_wconf 88' lang='lat' dir='ltr'>forte</span> 
     </span>
     <span class='ocr_line' id='line_1_10' title="bbox 231 1036 2163 1103; baseline -0.001 -15"><span class='ocrx_word' id='word_1_79' title='bbox 231 1045 423 1103; x_wconf 87' lang='lat' dir='ltr'>tangat</span> <span class='ocrx_word' id='word_1_80' title='bbox 464 1037 735 1087; x_wconf 89' lang='lat' dir='ltr'>Dominus</span> <span class='ocrx_word' id='word_1_81' title='bbox 782 1054 872 1086; x_wconf 86' lang='lat' dir='ltr'>cor</span> <span class='ocrx_word' id='word_1_82' title='bbox 918 1037 1032 1101; x_wconf 89' lang='lat' dir='ltr'>ejus</span> <span class='ocrx_word' id='word_1_83' title='bbox 1081 1045 1140 1087; x_wconf 92' lang='lat' dir='ltr'>ut</span> <span class='ocrx_word' id='word_1_84' title='bbox 1186 1036 1318 1087; x_wconf 91' lang='lat' dir='ltr'>velit</span> <span class='ocrx_word' id='word_1_85' title='bbox 1371 1037 1653 1088; x_wconf 92' lang='lat' dir='ltr'>nobiscum</span> <span class='ocrx_word' id='word_1_86' title='bbox 1700 1037 1769 1088; x_wconf 91' lang='lat' dir='ltr'>ad</span> <span class='ocrx_word' id='word_1_87' title='bbox 1817 1037 2163 1088; x_wconf 88' lang='lat' dir='ltr'>serviendum</span> 
     </span>
     <span class='ocr_line' id='line_1_11' title="bbox 230 1126 2165 1192; baseline 0.001 -15"><span class='ocrx_word' id='word_1_88' title='bbox 230 1127 518 1178; x_wconf 88' lang='lat' dir='ltr'>Altissimo</span> <span class='ocrx_word' id='word_1_89' title='bbox 535 1127 738 1177; x_wconf 90' lang='lat' dir='ltr'>sociari.</span> <span class='ocrx_word' id='word_1_90' title='bbox 814 1126 1279 1192; x_wconf 86' lang='lat' dir='ltr'>Interrogabimus</span> <span class='ocrx_word' id='word_1_91' title='bbox 1300 1126 1598 1178; x_wconf 89' lang='lat' dir='ltr'>Dominum</span> <span class='ocrx_word' id='word_1_92' title='bbox 1620 1128 1804 1179; x_wconf 92' lang='lat' dir='ltr'>Deum</span> <span class='ocrx_word' id='word_1_93' title='bbox 1823 1135 1883 1178; x_wconf 92' lang='lat' dir='ltr'>ut</span> <span class='ocrx_word' id='word_1_94' title='bbox 1901 1129 2165 1178; x_wconf 72' lang='lat' dir='ltr'>immittat</span> 
     </span>
     <span class='ocr_line' id='line_1_12' title="bbox 232 1216 2163 1282; baseline 0.001 -15"><span class='ocrx_word' id='word_1_95' title='bbox 232 1217 335 1267; x_wconf 89' lang='lat' dir='ltr'>hoc</span> <span class='ocrx_word' id='word_1_96' title='bbox 359 1216 681 1267; x_wconf 87' lang='lat' dir='ltr'>desiderium</span> <span class='ocrx_word' id='word_1_97' title='bbox 704 1217 758 1266; x_wconf 92' lang='lat' dir='ltr'>in</span> <span class='ocrx_word' id='word_1_98' title='bbox 781 1234 873 1267; x_wconf 91' lang='lat' dir='ltr'>cor</span> <span class='ocrx_word' id='word_1_99' title='bbox 895 1217 1009 1282; x_wconf 90' lang='lat' dir='ltr'>ejus</span> <span class='ocrx_word' id='word_1_100' title='bbox 1032 1226 1087 1267; x_wconf 87' lang='lat' dir='ltr'>et</span> <span class='ocrx_word' id='word_1_101' title='bbox 1109 1216 1202 1267; x_wconf 91' lang='lat' dir='ltr'>det</span> <span class='ocrx_word' id='word_1_102' title='bbox 1224 1218 1461 1282; x_wconf 84' lang='lat' dir='ltr'>graciam</span> <span class='ocrx_word' id='word_1_103' title='bbox 1491 1217 1782 1282; x_wconf 87' lang='lat' dir='ltr'>perducere</span> <span class='ocrx_word' id='word_1_104' title='bbox 1804 1217 1873 1268; x_wconf 91' lang='lat' dir='ltr'>ad</span> <span class='ocrx_word' id='word_1_105' title='bbox 1895 1217 2163 1269; x_wconf 85' lang='lat' dir='ltr'>effectum.</span> 
     </span>
     <span class='ocr_line' id='line_1_13' title="bbox 236 1306 2166 1373; baseline 0 -16"><span class='ocrx_word' id='word_1_106' title='bbox 236 1307 490 1358; x_wconf 86' lang='lat' dir='ltr'>Mirabile</span> <span class='ocrx_word' id='word_1_107' title='bbox 530 1315 674 1357; x_wconf 90' lang='lat' dir='ltr'>certe</span> <span class='ocrx_word' id='word_1_108' title='bbox 713 1306 879 1373; x_wconf 87' lang='lat' dir='ltr'>quod,</span> <span class='ocrx_word' id='word_1_109' title='bbox 909 1308 1093 1372; x_wconf 89' lang='lat' dir='ltr'>paucis</span> <span class='ocrx_word' id='word_1_110' title='bbox 1136 1306 1326 1357; x_wconf 91' lang='lat' dir='ltr'>diebus</span> <span class='ocrx_word' id='word_1_111' title='bbox 1368 1307 1582 1373; x_wconf 79' lang='lat' dir='ltr'>elapsiS,</span> <span class='ocrx_word' id='word_1_112' title='bbox 1619 1306 1947 1358; x_wconf 88' lang='lat' dir='ltr'>desiderium</span> <span class='ocrx_word' id='word_1_113' title='bbox 1989 1306 2166 1357; x_wconf 89' lang='lat' dir='ltr'>cordis</span> 
     </span>
     <span class='ocr_line' id='line_1_14' title="bbox 232 1396 2167 1461; baseline -0.001 -13"><span class='ocrx_word' id='word_1_114' title='bbox 232 1397 376 1448; x_wconf 90' lang='lat' dir='ltr'>beati</span> <span class='ocrx_word' id='word_1_115' title='bbox 419 1396 690 1447; x_wconf 87' lang='lat' dir='ltr'>Francisci</span> <span class='ocrx_word' id='word_1_116' title='bbox 730 1396 918 1447; x_wconf 85' lang='lat' dir='ltr'>tribuit</span> <span class='ocrx_word' id='word_1_117' title='bbox 958 1396 1231 1447; x_wconf 88' lang='lat' dir='ltr'>Dominus</span> <span class='ocrx_word' id='word_1_118' title='bbox 1272 1405 1327 1447; x_wconf 90' lang='lat' dir='ltr'>et</span> <span class='ocrx_word' id='word_1_119' title='bbox 1366 1396 1707 1447; x_wconf 86' lang='lat' dir='ltr'>voluntatem</span> <span class='ocrx_word' id='word_1_120' title='bbox 1750 1397 2017 1448; x_wconf 92' lang='lat' dir='ltr'>labiorum</span> <span class='ocrx_word' id='word_1_121' title='bbox 2052 1397 2167 1461; x_wconf 86' lang='lat' dir='ltr'>ejus</span> 
     </span>
     <span class='ocr_line' id='line_1_15' title="bbox 232 1485 2169 1553; baseline -0.001 -15"><span class='ocrx_word' id='word_1_122' title='bbox 232 1504 343 1538; x_wconf 91' lang='lat' dir='ltr'>non</span> <span class='ocrx_word' id='word_1_123' title='bbox 373 1486 640 1537; x_wconf 88' lang='lat' dir='ltr'>fraudavit</span> <span class='ocrx_word' id='word_1_124' title='bbox 667 1504 804 1537; x_wconf 86' lang='lat' dir='ltr'>eum.</span> <span class='ocrx_word' id='word_1_125' title='bbox 889 1486 1032 1537; x_wconf 89' lang='lat' dir='ltr'>Nam</span> <span class='ocrx_word' id='word_1_126' title='bbox 1073 1488 1320 1538; x_wconf 89' lang='lat' dir='ltr'>oratione</span> <span class='ocrx_word' id='word_1_127' title='bbox 1361 1488 1622 1552; x_wconf 88' lang='lat' dir='ltr'>premissa</span> <span class='ocrx_word' id='word_1_128' title='bbox 1661 1495 1785 1552; x_wconf 89' lang='lat' dir='ltr'>post</span> <span class='ocrx_word' id='word_1_129' title='bbox 1812 1487 2025 1553; x_wconf 89' lang='lat' dir='ltr'>aliquos</span> <span class='ocrx_word' id='word_1_130' title='bbox 2054 1485 2169 1537; x_wconf 87' lang='lat' dir='ltr'>dies</span> 
     </span>
     <span class='ocr_line' id='line_1_16' title="bbox 235 1576 2165 1642; baseline -0.001 -15"><span class='ocrx_word' id='word_1_131' title='bbox 235 1583 455 1628; x_wconf 91' lang='lat' dir='ltr'>sanctus</span> <span class='ocrx_word' id='word_1_132' title='bbox 499 1576 816 1628; x_wconf 86' lang='lat' dir='ltr'>Franciscus</span> <span class='ocrx_word' id='word_1_133' title='bbox 857 1576 999 1627; x_wconf 81' lang='lat' dir='ltr'>dixit</span> <span class='ocrx_word' id='word_1_134' title='bbox 1039 1576 1107 1627; x_wconf 92' lang='lat' dir='ltr'>ad</span> <span class='ocrx_word' id='word_1_135' title='bbox 1149 1577 1356 1627; x_wconf 90' lang='lat' dir='ltr'>socium</span> <span class='ocrx_word' id='word_1_136' title='bbox 1385 1577 1529 1642; x_wconf 89' lang='lat' dir='ltr'>ejus:</span> <span class='ocrx_word' id='word_1_137' title='bbox 1597 1577 1820 1638; x_wconf 78' lang='lat' dir='ltr'>EamUS,</span> <span class='ocrx_word' id='word_1_138' title='bbox 1867 1576 2165 1639; x_wconf 84' lang='lat' dir='ltr'>karissime,</span> 
     </span>
     <span class='ocr_line' id='line_1_17' title="bbox 234 1665 2170 1735; baseline 0 -19"><span class='ocrx_word' id='word_1_139' title='bbox 234 1667 346 1735; x_wconf 89' lang='lat' dir='ltr'>[fol.</span> <span class='ocrx_word' id='word_1_140' title='bbox 382 1667 500 1734; x_wconf 73' lang='lat' dir='ltr'>86v]</span> <span class='ocrx_word' id='word_1_141' title='bbox 528 1666 910 1733; x_wconf 89' lang='lat' dir='ltr'>addominum</span> <span class='ocrx_word' id='word_1_142' title='bbox 948 1665 1220 1729; x_wconf 86' lang='lat' dir='ltr'>curialem,</span> <span class='ocrx_word' id='word_1_143' title='bbox 1248 1668 1376 1733; x_wconf 89' lang='lat' dir='ltr'>quia</span> <span class='ocrx_word' id='word_1_144' title='bbox 1417 1666 1632 1717; x_wconf 90' lang='lat' dir='ltr'>confido</span> <span class='ocrx_word' id='word_1_145' title='bbox 1673 1667 1726 1717; x_wconf 87' lang='lat' dir='ltr'>in</span> <span class='ocrx_word' id='word_1_146' title='bbox 1771 1666 2016 1717; x_wconf 85' lang='lat' dir='ltr'>Domino</span> <span class='ocrx_word' id='word_1_147' title='bbox 2043 1667 2170 1733; x_wconf 88' lang='lat' dir='ltr'>quia</span> 
     </span>
     <span class='ocr_line' id='line_1_18' title="bbox 233 1755 2170 1822; baseline -0.001 -14"><span class='ocrx_word' id='word_1_148' title='bbox 233 1774 356 1808; x_wconf 91' lang='lat' dir='ltr'>cum</span> <span class='ocrx_word' id='word_1_149' title='bbox 385 1757 688 1808; x_wconf 89' lang='lat' dir='ltr'>curialitate</span> <span class='ocrx_word' id='word_1_150' title='bbox 729 1755 939 1808; x_wconf 88' lang='lat' dir='ltr'>rerum1</span> <span class='ocrx_word' id='word_1_151' title='bbox 988 1757 1140 1807; x_wconf 90' lang='lat' dir='ltr'>dabit</span> <span class='ocrx_word' id='word_1_152' title='bbox 1189 1775 1246 1807; x_wconf 91' lang='lat' dir='ltr'>se</span> <span class='ocrx_word' id='word_1_153' title='bbox 1293 1758 1473 1822; x_wconf 92' lang='lat' dir='ltr'>ipsum</span> <span class='ocrx_word' id='word_1_154' title='bbox 1522 1758 1746 1808; x_wconf 90' lang='lat' dir='ltr'>socium.</span> <span class='ocrx_word' id='word_1_155' title='bbox 1830 1756 1904 1807; x_wconf 89' lang='lat' dir='ltr'>Et</span> <span class='ocrx_word' id='word_1_156' title='bbox 1952 1764 2170 1822; x_wconf 87' lang='lat' dir='ltr'>arrepto</span> 
     </span>
     <span class='ocr_line' id='line_1_19' title="bbox 235 1845 2174 1914; baseline -0.001 -16"><span class='ocrx_word' id='word_1_157' title='bbox 235 1849 424 1899; x_wconf 88' lang='lat' dir='ltr'>itinere</span> <span class='ocrx_word' id='word_1_158' title='bbox 453 1848 1031 1914; x_wconf 86' lang='lat' dir='ltr'>appropinquaverunt</span> <span class='ocrx_word' id='word_1_159' title='bbox 1072 1847 1260 1898; x_wconf 90' lang='lat' dir='ltr'>domui</span> <span class='ocrx_word' id='word_1_160' title='bbox 1301 1848 1541 1898; x_wconf 87' lang='lat' dir='ltr'>hominis</span> <span class='ocrx_word' id='word_1_161' title='bbox 1583 1846 1855 1898; x_wconf 87' lang='lat' dir='ltr'>antedicti.</span> <span class='ocrx_word' id='word_1_162' title='bbox 1939 1845 2174 1898; x_wconf 87' lang='lat' dir='ltr'>Sanctus</span> 
     </span>
     <span class='ocr_line' id='line_1_20' title="bbox 235 1934 2173 2005; baseline -0.001 -16"><span class='ocrx_word' id='word_1_163' title='bbox 235 1955 364 1989; x_wconf 91' lang='lat' dir='ltr'>vero</span> <span class='ocrx_word' id='word_1_164' title='bbox 413 1937 749 2000; x_wconf 80' lang='lat' dir='ltr'>FrancichS,</span> <span class='ocrx_word' id='word_1_165' title='bbox 797 1946 1091 2005; x_wconf 87' lang='lat' dir='ltr'>antequam</span> <span class='ocrx_word' id='word_1_166' title='bbox 1140 1938 1209 1989; x_wconf 89' lang='lat' dir='ltr'>ad</span> <span class='ocrx_word' id='word_1_167' title='bbox 1264 1934 1419 1989; x_wconf 87' lang='lat' dir='ltr'>illum</span> <span class='ocrx_word' id='word_1_168' title='bbox 1466 1937 1760 2000; x_wconf 85' lang='lat' dir='ltr'>accederet,</span> <span class='ocrx_word' id='word_1_169' title='bbox 1803 1936 1944 1988; x_wconf 85' lang='lat' dir='ltr'>dixit</span> <span class='ocrx_word' id='word_1_170' title='bbox 1992 1937 2173 1987; x_wconf 89' lang='lat' dir='ltr'>socio:</span> 
     </span>
     <span class='ocr_line' id='line_1_21' title="bbox 238 2028 2172 2095; baseline -0.002 -15"><span class='ocrx_word' id='word_1_171' title='bbox 238 2030 494 2095; x_wconf 84' lang='lat' dir='ltr'>Expecta</span> <span class='ocrx_word' id='word_1_172' title='bbox 517 2045 622 2091; x_wconf 83' lang='lat' dir='ltr'>me,</span> <span class='ocrx_word' id='word_1_173' title='bbox 645 2029 824 2091; x_wconf 86' lang='lat' dir='ltr'>frater,</span> <span class='ocrx_word' id='word_1_174' title='bbox 849 2030 974 2095; x_wconf 89' lang='lat' dir='ltr'>quia</span> <span class='ocrx_word' id='word_1_175' title='bbox 996 2029 1122 2080; x_wconf 91' lang='lat' dir='ltr'>volo</span> <span class='ocrx_word' id='word_1_176' title='bbox 1152 2029 1327 2094; x_wconf 91' lang='lat' dir='ltr'>primo</span> <span class='ocrx_word' id='word_1_177' title='bbox 1349 2045 1538 2095; x_wconf 88' lang='lat' dir='ltr'>rogare</span> <span class='ocrx_word' id='word_1_178' title='bbox 1561 2028 1743 2078; x_wconf 91' lang='lat' dir='ltr'>Deum</span> <span class='ocrx_word' id='word_1_179' title='bbox 1766 2037 1827 2081; x_wconf 91' lang='lat' dir='ltr'>ut</span> <span class='ocrx_word' id='word_1_180' title='bbox 1850 2044 2172 2094; x_wconf 88' lang='lat' dir='ltr'>prosperum</span> 
     </span>
     <span class='ocr_line' id='line_1_22' title="bbox 238 2118 2178 2186; baseline -0.001 -16"><span class='ocrx_word' id='word_1_181' title='bbox 238 2120 395 2171; x_wconf 86' lang='lat' dir='ltr'>faciat</span> <span class='ocrx_word' id='word_1_182' title='bbox 424 2121 523 2171; x_wconf 90' lang='lat' dir='ltr'>iter</span> <span class='ocrx_word' id='word_1_183' title='bbox 550 2128 811 2182; x_wconf 87' lang='lat' dir='ltr'>nostrum,</span> <span class='ocrx_word' id='word_1_184' title='bbox 848 2128 907 2170; x_wconf 91' lang='lat' dir='ltr'>ut</span> <span class='ocrx_word' id='word_1_185' title='bbox 944 2119 1167 2186; x_wconf 89' lang='lat' dir='ltr'>predam</span> <span class='ocrx_word' id='word_1_186' title='bbox 1209 2120 1466 2182; x_wconf 84' lang='lat' dir='ltr'>nobilem,</span> <span class='ocrx_word' id='word_1_187' title='bbox 1496 2136 1661 2185; x_wconf 89' lang='lat' dir='ltr'>quam</span> <span class='ocrx_word' id='word_1_188' title='bbox 1704 2118 1909 2169; x_wconf 89' lang='lat' dir='ltr'>mundo</span> <span class='ocrx_word' id='word_1_189' title='bbox 1935 2119 2178 2183; x_wconf 89' lang='lat' dir='ltr'>accipere</span> 
     </span>
     <span class='ocr_line' id='line_1_23' title="bbox 237 2209 2176 2277; baseline -0.002 -15"><span class='ocrx_word' id='word_1_190' title='bbox 237 2212 556 2276; x_wconf 80' lang='lat' dir='ltr'>cogitamuS,</span> <span class='ocrx_word' id='word_1_191' title='bbox 617 2209 873 2277; x_wconf 81' lang='lat' dir='ltr'>dignetur</span> <span class='ocrx_word' id='word_1_192' title='bbox 926 2210 1174 2262; x_wconf 86' lang='lat' dir='ltr'>Christus</span> <span class='ocrx_word' id='word_1_193' title='bbox 1229 2228 1323 2276; x_wconf 91' lang='lat' dir='ltr'>per</span> <span class='ocrx_word' id='word_1_194' title='bbox 1374 2211 1634 2261; x_wconf 86' lang='lat' dir='ltr'>virtutem</span> <span class='ocrx_word' id='word_1_195' title='bbox 1688 2227 1783 2260; x_wconf 90' lang='lat' dir='ltr'>sue</span> <span class='ocrx_word' id='word_1_196' title='bbox 1836 2210 2176 2260; x_wconf 84' lang='lat' dir='ltr'>sanctissime</span> 
     </span>
     <span class='ocr_line' id='line_1_24' title="bbox 240 2299 2177 2367; baseline -0.002 -16"><span class='ocrx_word' id='word_1_197' title='bbox 240 2301 509 2367; x_wconf 88' lang='lat' dir='ltr'>passionis</span> <span class='ocrx_word' id='word_1_198' title='bbox 551 2300 709 2351; x_wconf 91' lang='lat' dir='ltr'>nobis</span> <span class='ocrx_word' id='word_1_199' title='bbox 752 2301 987 2367; x_wconf 89' lang='lat' dir='ltr'>parvulis</span> <span class='ocrx_word' id='word_1_200' title='bbox 1026 2308 1079 2351; x_wconf 92' lang='lat' dir='ltr'>et</span> <span class='ocrx_word' id='word_1_201' title='bbox 1121 2302 1285 2351; x_wconf 86' lang='lat' dir='ltr'>etiam</span> <span class='ocrx_word' id='word_1_202' title='bbox 1325 2299 1551 2350; x_wconf 89' lang='lat' dir='ltr'>infirmis</span> <span class='ocrx_word' id='word_1_203' title='bbox 1590 2317 1685 2350; x_wconf 93' lang='lat' dir='ltr'>sua</span> <span class='ocrx_word' id='word_1_204' title='bbox 1711 2301 1912 2350; x_wconf 90' lang='lat' dir='ltr'>virtute</span> <span class='ocrx_word' id='word_1_205' title='bbox 1938 2299 2177 2365; x_wconf 90' lang='lat' dir='ltr'>gratiosa</span> 
     </span>
     <span class='ocr_line' id='line_1_25' title="bbox 240 2387 2178 2455; baseline -0.002 -14"><span class='ocrx_word' id='word_1_206' title='bbox 240 2389 549 2442; x_wconf 91' lang='lat' dir='ltr'>concedere.</span> <span class='ocrx_word' id='word_1_207' title='bbox 633 2390 786 2441; x_wconf 90' lang='lat' dir='ltr'>Dans</span> <span class='ocrx_word' id='word_1_208' title='bbox 828 2408 886 2442; x_wconf 92' lang='lat' dir='ltr'>se</span> <span class='ocrx_word' id='word_1_209' title='bbox 924 2407 1053 2441; x_wconf 90' lang='lat' dir='ltr'>vero</span> <span class='ocrx_word' id='word_1_210' title='bbox 1096 2391 1150 2440; x_wconf 90' lang='lat' dir='ltr'>in</span> <span class='ocrx_word' id='word_1_211' title='bbox 1190 2391 1440 2441; x_wconf 89' lang='lat' dir='ltr'>oratione</span> <span class='ocrx_word' id='word_1_212' title='bbox 1480 2390 1534 2439; x_wconf 92' lang='lat' dir='ltr'>in</span> <span class='ocrx_word' id='word_1_213' title='bbox 1575 2388 1814 2455; x_wconf 89' lang='lat' dir='ltr'>quodam</span> <span class='ocrx_word' id='word_1_214' title='bbox 1857 2388 1974 2438; x_wconf 92' lang='lat' dir='ltr'>loco</span> <span class='ocrx_word' id='word_1_215' title='bbox 2017 2387 2106 2438; x_wconf 90' lang='lat' dir='ltr'>ubi</span> <span class='ocrx_word' id='word_1_216' title='bbox 2147 2404 2178 2437; x_wconf 87' lang='lat' dir='ltr'>a</span> 
     </span>
     <span class='ocr_line' id='line_1_26' title="bbox 239 2476 2177 2546; baseline -0.003 -15"><span class='ocrx_word' id='word_1_217' title='bbox 239 2479 389 2531; x_wconf 91' lang='lat' dir='ltr'>dicto</span> <span class='ocrx_word' id='word_1_218' title='bbox 429 2479 653 2531; x_wconf 88' lang='lat' dir='ltr'>domino</span> <span class='ocrx_word' id='word_1_219' title='bbox 693 2481 878 2531; x_wconf 90' lang='lat' dir='ltr'>curiali</span> <span class='ocrx_word' id='word_1_220' title='bbox 920 2488 1135 2546; x_wconf 90' lang='lat' dir='ltr'>poterat</span> <span class='ocrx_word' id='word_1_221' title='bbox 1176 2488 1396 2530; x_wconf 87' lang='lat' dir='ltr'>sanctus</span> <span class='ocrx_word' id='word_1_222' title='bbox 1447 2479 1767 2529; x_wconf 89' lang='lat' dir='ltr'>Franciscus</span> <span class='ocrx_word' id='word_1_223' title='bbox 1808 2477 1948 2528; x_wconf 89' lang='lat' dir='ltr'>clare</span> <span class='ocrx_word' id='word_1_224' title='bbox 1988 2476 2177 2537; x_wconf 87' lang='lat' dir='ltr'>videri,</span> 
     </span>
     <span class='ocr_line' id='line_1_27' title="bbox 242 2562 2177 2635; baseline -0.003 -14"><span class='ocrx_word' id='word_1_225' title='bbox 242 2578 308 2632; x_wconf 88' lang='lat' dir='ltr'>et,</span> <span class='ocrx_word' id='word_1_226' title='bbox 343 2568 670 2635; x_wconf 85' lang='lat' dir='ltr'>disponente</span> <span class='ocrx_word' id='word_1_227' title='bbox 700 2569 938 2631; x_wconf 82' lang='lat' dir='ltr'>Christo,</span> <span class='ocrx_word' id='word_1_228' title='bbox 971 2562 1094 2619; x_wconf 91' lang='lat' dir='ltr'>cum</span> <span class='ocrx_word' id='word_1_229' title='bbox 1124 2568 1302 2619; x_wconf 88' lang='lat' dir='ltr'>dictus</span> <span class='ocrx_word' id='word_1_230' title='bbox 1343 2566 1598 2618; x_wconf 90' lang='lat' dir='ltr'>dominus</span> <span class='ocrx_word' id='word_1_231' title='bbox 1627 2567 1751 2617; x_wconf 88' lang='lat' dir='ltr'>hinc</span> <span class='ocrx_word' id='word_1_232' title='bbox 1782 2565 1909 2617; x_wconf 89' lang='lat' dir='ltr'>inde</span> <span class='ocrx_word' id='word_1_233' title='bbox 1938 2567 2177 2632; x_wconf 82' lang='lat' dir='ltr'>prospic-</span> 
     </span>
     <span class='ocr_line' id='line_1_28' title="bbox 241 2655 2180 2721; baseline -0.003 -11"><span class='ocrx_word' id='word_1_234' title='bbox 241 2668 367 2721; x_wconf 88' lang='lat' dir='ltr'>eret,</span> <span class='ocrx_word' id='word_1_235' title='bbox 412 2658 549 2711; x_wconf 89' lang='lat' dir='ltr'>vidit</span> <span class='ocrx_word' id='word_1_236' title='bbox 589 2667 840 2710; x_wconf 91' lang='lat' dir='ltr'>sanctum</span> <span class='ocrx_word' id='word_1_237' title='bbox 884 2659 1232 2710; x_wconf 87' lang='lat' dir='ltr'>Franciscum</span> <span class='ocrx_word' id='word_1_238' title='bbox 1280 2675 1433 2708; x_wconf 89' lang='lat' dir='ltr'>orare</span> <span class='ocrx_word' id='word_1_239' title='bbox 1473 2656 1827 2707; x_wconf 89' lang='lat' dir='ltr'>devotissima</span> <span class='ocrx_word' id='word_1_240' title='bbox 1869 2655 2180 2706; x_wconf 87' lang='lat' dir='ltr'>assistentia</span> 
     </span>
     <span class='ocr_line' id='line_1_29' title="bbox 242 2745 2180 2811; baseline -0.003 -11"><span class='ocrx_word' id='word_1_241' title='bbox 242 2757 372 2800; x_wconf 92' lang='lat' dir='ltr'>ante</span> <span class='ocrx_word' id='word_1_242' title='bbox 394 2747 673 2800; x_wconf 89' lang='lat' dir='ltr'>Christum</span> <span class='ocrx_word' id='word_1_243' title='bbox 703 2757 756 2799; x_wconf 90' lang='lat' dir='ltr'>et</span> <span class='ocrx_word' id='word_1_244' title='bbox 786 2748 1064 2800; x_wconf 87' lang='lat' dir='ltr'>Christum</span> <span class='ocrx_word' id='word_1_245' title='bbox 1093 2747 1440 2799; x_wconf 84' lang='lat' dir='ltr'>benedictum</span> <span class='ocrx_word' id='word_1_246' title='bbox 1470 2755 1598 2797; x_wconf 89' lang='lat' dir='ltr'>ante</span> <span class='ocrx_word' id='word_1_247' title='bbox 1627 2747 1806 2811; x_wconf 89' lang='lat' dir='ltr'>ipsum</span> <span class='ocrx_word' id='word_1_248' title='bbox 1830 2745 2180 2795; x_wconf 86' lang='lat' dir='ltr'>Franciscum</span> 
     </span>
     <span class='ocr_line' id='line_1_30' title="bbox 243 2835 2182 2906; baseline -0.002 -17"><span class='ocrx_word' id='word_1_249' title='bbox 243 2840 635 2906; x_wconf 86' lang='lat' dir='ltr'>gratiosissime</span> <span class='ocrx_word' id='word_1_250' title='bbox 674 2848 729 2890; x_wconf 91' lang='lat' dir='ltr'>et</span> <span class='ocrx_word' id='word_1_251' title='bbox 770 2856 892 2890; x_wconf 91' lang='lat' dir='ltr'>cum</span> <span class='ocrx_word' id='word_1_252' title='bbox 936 2840 1181 2890; x_wconf 87' lang='lat' dir='ltr'>claritate</span> <span class='ocrx_word' id='word_1_253' title='bbox 1222 2839 1468 2889; x_wconf 83' lang='lat' dir='ltr'>maxima</span> <span class='ocrx_word' id='word_1_254' title='bbox 1510 2837 1869 2899; x_wconf 87' lang='lat' dir='ltr'>assistentem,</span> <span class='ocrx_word' id='word_1_255' title='bbox 1900 2844 1954 2886; x_wconf 89' lang='lat' dir='ltr'>et</span> <span class='ocrx_word' id='word_1_256' title='bbox 1996 2836 2050 2886; x_wconf 91' lang='lat' dir='ltr'>in</span> <span class='ocrx_word' id='word_1_257' title='bbox 2081 2835 2182 2886; x_wconf 89' lang='lat' dir='ltr'>hac</span> 
     </span>
     <span class='ocr_line' id='line_1_31' title="bbox 245 2928 2182 2992; baseline -0.003 -12"><span class='ocrx_word' id='word_1_258' title='bbox 245 2931 554 2981; x_wconf 88' lang='lat' dir='ltr'>assistentia</span> <span class='ocrx_word' id='word_1_259' title='bbox 608 2929 872 2980; x_wconf 85' lang='lat' dir='ltr'>luminosa</span> <span class='ocrx_word' id='word_1_260' title='bbox 934 2937 1154 2980; x_wconf 90' lang='lat' dir='ltr'>sanctus</span> <span class='ocrx_word' id='word_1_261' title='bbox 1217 2928 1537 2978; x_wconf 88' lang='lat' dir='ltr'>Franciscus</span> <span class='ocrx_word' id='word_1_262' title='bbox 1597 2934 1711 2977; x_wconf 89' lang='lat' dir='ltr'>erat</span> <span class='ocrx_word' id='word_1_263' title='bbox 1773 2943 1866 2992; x_wconf 89' lang='lat' dir='ltr'>per</span> <span class='ocrx_word' id='word_1_264' title='bbox 1920 2941 2182 2991; x_wconf 89' lang='lat' dir='ltr'>magnum</span> 
     </span>
     <span class='ocr_line' id='line_1_32' title="bbox 247 3014 2184 3085; baseline -0.003 -16"><span class='ocrx_word' id='word_1_265' title='bbox 247 3021 489 3085; x_wconf 86' lang='lat' dir='ltr'>spacium</span> <span class='ocrx_word' id='word_1_266' title='bbox 518 3019 756 3069; x_wconf 87' lang='lat' dir='ltr'>elevatus</span> <span class='ocrx_word' id='word_1_267' title='bbox 786 3019 1053 3084; x_wconf 89' lang='lat' dir='ltr'>corporali</span> <span class='ocrx_word' id='word_1_268' title='bbox 1082 3027 1136 3069; x_wconf 90' lang='lat' dir='ltr'>et</span> <span class='ocrx_word' id='word_1_269' title='bbox 1175 3018 1397 3068; x_wconf 90' lang='lat' dir='ltr'>mentali</span> <span class='ocrx_word' id='word_1_270' title='bbox 1435 3018 1737 3067; x_wconf 90' lang='lat' dir='ltr'>elevatione</span> <span class='ocrx_word' id='word_1_271' title='bbox 1764 3034 1795 3066; x_wconf 91' lang='lat' dir='ltr'>a</span> <span class='ocrx_word' id='word_1_272' title='bbox 1823 3025 1977 3067; x_wconf 88' lang='lat' dir='ltr'>terra.</span> <span class='ocrx_word' id='word_1_273' title='bbox 2062 3014 2184 3079; x_wconf 74' lang='lat' dir='ltr'>Que</span> 
     </span>
     <span class='ocr_line' id='line_1_33' title="bbox 248 3105 2187 3174; baseline -0.003 -15"><span class='ocrx_word' id='word_1_274' title='bbox 248 3109 427 3160; x_wconf 90' lang='lat' dir='ltr'>omnia</span> <span class='ocrx_word' id='word_1_275' title='bbox 449 3126 571 3159; x_wconf 91' lang='lat' dir='ltr'>cum</span> <span class='ocrx_word' id='word_1_276' title='bbox 591 3109 730 3159; x_wconf 88' lang='lat' dir='ltr'>clare</span> <span class='ocrx_word' id='word_1_277' title='bbox 751 3108 926 3159; x_wconf 83' lang='lat' dir='ltr'>dictus</span> <span class='ocrx_word' id='word_1_278' title='bbox 955 3108 1210 3159; x_wconf 88' lang='lat' dir='ltr'>dominus</span> <span class='ocrx_word' id='word_1_279' title='bbox 1239 3107 1626 3174; x_wconf 81' lang='lat' dir='ltr'>perspexisset,</span> <span class='ocrx_word' id='word_1_280' title='bbox 1650 3106 1837 3157; x_wconf 89' lang='lat' dir='ltr'>statim</span> <span class='ocrx_word' id='word_1_281' title='bbox 1863 3105 2002 3155; x_wconf 84' lang='lat' dir='ltr'>facta</span> <span class='ocrx_word' id='word_1_282' title='bbox 2027 3119 2187 3168; x_wconf 90' lang='lat' dir='ltr'>super</span> 
     </span>
     <span class='ocr_line' id='line_1_34' title="bbox 250 3193 2187 3264; baseline -0.004 -15"><span class='ocrx_word' id='word_1_283' title='bbox 250 3215 375 3248; x_wconf 91' lang='lat' dir='ltr'>eum</span> <span class='ocrx_word' id='word_1_284' title='bbox 397 3215 560 3248; x_wconf 90' lang='lat' dir='ltr'>manu</span> <span class='ocrx_word' id='word_1_285' title='bbox 579 3198 802 3249; x_wconf 89' lang='lat' dir='ltr'>Domini</span> <span class='ocrx_word' id='word_1_286' title='bbox 826 3198 1090 3258; x_wconf 80' lang='lat' dir='ltr'>salutariS‚</span> <span class='ocrx_word' id='word_1_287' title='bbox 1114 3215 1340 3263; x_wconf 89' lang='lat' dir='ltr'>corpore</span> <span class='ocrx_word' id='word_1_288' title='bbox 1361 3197 1583 3264; x_wconf 88' lang='lat' dir='ltr'>quidem</span> <span class='ocrx_word' id='word_1_289' title='bbox 1602 3193 1619 3222; x_wconf 79' lang='lat'>2</span> <span class='ocrx_word' id='word_1_290' title='bbox 1638 3212 1886 3261; x_wconf 85' lang='lat' dir='ltr'>egressus</span> <span class='ocrx_word' id='word_1_291' title='bbox 1909 3194 2187 3260; x_wconf 88' lang='lat' dir='ltr'>palatium,</span> 
     </span>
     <span class='ocr_line' id='line_1_35' title="bbox 253 3281 2188 3353; baseline -0.003 -15"><span class='ocrx_word' id='word_1_292' title='bbox 253 3296 433 3338; x_wconf 88' lang='lat' dir='ltr'>mente</span> <span class='ocrx_word' id='word_1_293' title='bbox 459 3305 587 3338; x_wconf 90' lang='lat' dir='ltr'>vero</span> <span class='ocrx_word' id='word_1_294' title='bbox 616 3288 917 3353; x_wconf 89' lang='lat' dir='ltr'>despiciens</span> <span class='ocrx_word' id='word_1_295' title='bbox 948 3287 1226 3350; x_wconf 89' lang='lat' dir='ltr'>mundum,</span> <span class='ocrx_word' id='word_1_296' title='bbox 1256 3288 1310 3338; x_wconf 92' lang='lat' dir='ltr'>in</span> <span class='ocrx_word' id='word_1_297' title='bbox 1353 3287 1560 3338; x_wconf 90' lang='lat' dir='ltr'>fervore</span> <span class='ocrx_word' id='word_1_298' title='bbox 1600 3287 1821 3352; x_wconf 84' lang='lat' dir='ltr'>spiritus</span> <span class='ocrx_word' id='word_1_299' title='bbox 1861 3283 2090 3334; x_wconf 91' lang='lat' dir='ltr'>cucurrit</span> <span class='ocrx_word' id='word_1_300' title='bbox 2117 3281 2188 3332; x_wconf 88' lang='lat' dir='ltr'>ad</span> 
     </span>
     <span class='ocr_line' id='line_1_36' title="bbox 252 3372 2188 3443; baseline -0.003 -16"><span class='ocrx_word' id='word_1_301' title='bbox 252 3377 474 3428; x_wconf 89' lang='lat' dir='ltr'>beatum</span> <span class='ocrx_word' id='word_1_302' title='bbox 506 3377 869 3438; x_wconf 85' lang='lat' dir='ltr'>Franciscum‚</span> <span class='ocrx_word' id='word_1_303' title='bbox 897 3385 950 3427; x_wconf 91' lang='lat' dir='ltr'>et</span> <span class='ocrx_word' id='word_1_304' title='bbox 977 3395 1099 3428; x_wconf 87' lang='lat' dir='ltr'>curn</span> <span class='ocrx_word' id='word_1_305' title='bbox 1143 3378 1478 3443; x_wconf 90' lang='lat' dir='ltr'>pervenisset</span> <span class='ocrx_word' id='word_1_306' title='bbox 1517 3376 1586 3426; x_wconf 92' lang='lat' dir='ltr'>ad</span> <span class='ocrx_word' id='word_1_307' title='bbox 1628 3392 1771 3436; x_wconf 86' lang='lat' dir='ltr'>eum,</span> <span class='ocrx_word' id='word_1_308' title='bbox 1802 3374 2006 3424; x_wconf 88' lang='lat' dir='ltr'>invenit</span> <span class='ocrx_word' id='word_1_309' title='bbox 2036 3372 2188 3422; x_wconf 90' lang='lat' dir='ltr'>illum</span> 
     </span>
    </p>
   </div>
   <div class='ocr_carea' id='block_1_3' title="bbox 696 3528 1759 3583">
    <p class='ocr_par' dir='ltr' id='par_1_3' title="bbox 696 3528 1759 3583">
     <span class='ocr_line' id='line_1_37' title="bbox 696 3528 1759 3583; baseline -0.005 -12"><span class='ocrx_word' id='word_1_310' title='bbox 696 3532 710 3556; x_wconf 74' lang='lat'>1</span> <span class='ocrx_word' id='word_1_311' title='bbox 726 3533 816 3571; x_wconf 88' lang='lat' dir='ltr'>MS.</span> <span class='ocrx_word' id='word_1_312' title='bbox 839 3545 909 3571; x_wconf 87' lang='lat' dir='ltr'>rex</span> <span class='ocrx_word' id='word_1_313' title='bbox 932 3531 1026 3583; x_wconf 88' lang='lat' dir='ltr'>(for</span> <span class='ocrx_word' id='word_1_314' title='bbox 1044 3544 1182 3570; x_wconf 88' lang='lat' dir='ltr'>rerum</span> <span class='ocrx_word' id='word_1_315' title='bbox 1201 3531 1252 3582; x_wconf 89' lang='lat'>?).</span> <span class='ocrx_word' id='word_1_316' title='bbox 1521 3529 1537 3553; x_wconf 84' lang='lat'><strong>2</strong></span> <span class='ocrx_word' id='word_1_317' title='bbox 1556 3530 1652 3568; x_wconf 84' lang='lat' dir='ltr'>MS.</span> <span class='ocrx_word' id='word_1_318' title='bbox 1675 3528 1759 3580; x_wconf 88' lang='lat' dir='ltr'>qui.</span> 
     </span>
    </p>
   </div>
  </div>
 </body>
</html>
