2449 3927
70 370 174 421 170

348 202 788 255 FORMERLY
832 202 914 252 IN
959 202 1122 253 THE
1161 201 1561 252 PHILLIPPS
1607 200 1962 253 LIBRARY
2046 203 2117 265 89

303 355 359 422 (f.
416 369 478 405 12
487 359 560 422 7¹)
622 353 871 417 Qualiter
916 352 974 404 S.
1020 352 1338 402 Francis-cus
1376 352 1634 403 liberatus
1679 361 1758 402 est
1793 353 1856 403 de
1890 352 2126 419 presenti
2140 365 2211 417 Cf.
2235 364 2407 415 celano,

192 445 408 495 miseria
453 454 505 496 et
543 461 659 495 cum
701 443 908 511 angelis
936 442 1280 509 perhenniter
1324 429 1548 510 regnat}

305 535 601 601 Postquam
630 534 900 600 gloriosus
928 533 1211 583 confessor
1238 533 1562 583 Franciscus
1589 530 1658 582 de
1697 533 1936 598 presenti
1965 532 2121 582 liber-

188 632 312 675 atus
359 625 573 675 miseria
628 622 698 673 ad
745 623 922 673 celum
970 640 1094 673 cum
1144 624 1356 690 angelis
1401 622 1751 688 perhenniter
1797 629 2120 689 regnaturus

186 715 449 780 pervenit,
480 713 665 765 multis
693 713 1020 779 magnisque
1040 712 1265 763 diversis
1292 711 1629 778 temporibus
1664 712 1806 777 cepit
1850 710 2123 761 miraculis

185 804 518 855 choruscare.
625 802 772 853 Nam
814 802 882 856 V.
921 802 1181 859 officiales
1222 802 1569 868 imperatoris
1611 802 1756 867 capti
1798 801 2122 867 suspicionis

190 895 380 945 militia
432 893 546 961 (sic)
595 893 823 944 faciente
868 893 1100 943 vinculis
1153 891 1465 942 durioribus
1520 893 1880 951 innectuntur,
1947 898 2017 952 et,
2063 898 2123 941 ut

185 983 397 1035 afflictis
436 983 609 1048 major
647 982 939 1034 adderetur
977 981 1199 1033 afflictio
1240 990 1295 1032 et
1335 982 1512 1032 omnis
1554 980 1851 1049 effugiendi
1893 980 2124 1046 suspicio

186 1074 479 1134 tolleretur,
512 1073 566 1123 in
596 1072 904 1123 firmissima
933 1074 1065 1123 turri
1095 1073 1374 1123 existente
1401 1073 1454 1122 in
1485 1071 1724 1138 quadam
1768 1071 1984 1121 munita
2009 1077 2125 1120 arte

185 1165 372 1215 artiori
417 1163 662 1214 custodie
716 1163 1110 1229 mancipantur,
1159 1163 1267 1225 ubi,
1324 1161 1454 1212 dum
1509 1163 1737 1212 carceris
1789 1160 2125 1211 tediarentur

183 1253 542 1320 squaloribuS,
587 1262 845 1321 ceperunt
885 1252 955 1303 de
994 1252 1196 1320 effugio
1237 1254 1490 1319 cogitare.
1589 1251 1846 1303 Ceterum
1889 1251 2015 1317 quia
2056 1248 2126 1300 de

183 1344 414 1410 propriis
463 1343 670 1394 viribus
725 1341 1048 1394 diffidebant
1101 1351 1155 1393 et
1206 1344 1380 1394 totius
1432 1350 1586 1393 erant
1650 1341 1878 1392 humani
1931 1339 2124 1390 auxilii

179 1434 383 1484 solacio
423 1432 683 1496 destituti,
729 1432 797 1483 ad
826 1432 1225 1500 implorandam
1263 1432 1505 1483 divinam
1537 1430 1960 1482 misericordiam
1997 1447 2124 1480 con-

182 1531 483 1586 vertuntur,
512 1532 567 1574 et
603 1523 745 1574 beati
789 1523 1059 1574 Francisci
1102 1524 1190 1589 pia
1231 1523 1422 1573 merita
1464 1522 1780 1582 recolenteS,
1822 1521 1916 1587 qui
1959 1520 2125 1585 longe

183 1614 401 1680 lateque
422 1614 536 1679 jam
564 1621 783 1680 ceperat
818 1614 1092 1664 miraculis
1131 1613 1355 1673 radiare,
1388 1612 1490 1663 sibi
1531 1611 1733 1662 devote
1773 1610 2124 1662 devoverunt,

181 1704 350 1769 ipsius
379 1705 742 1770 patrocinium
774 1703 1086 1770 suppliciter
1106 1704 1428 1769 flagitantes.
1515 1702 1736 1752 Emisso
1764 1701 1948 1766 itaque
1975 1707 2121 1760 vot0‚

184 1794 278 1844 uni
317 1810 528 1854 eorum,
574 1794 666 1860 qui
709 1802 979 1860 tanquam
1021 1794 1143 1843 voci
1184 1792 1477 1844 verborum
1518 1791 1588 1841 ad
1630 1790 1684 1841 id
1736 1788 2120 1856 pertinendum

181 1882 301 1934 dux
347 1881 439 1933 et'2
480 1882 810 1933 adinventor
862 1884 1136 1943 extiterat,
1188 1883 1243 1933 in
1296 1882 1506 1933 visione
1557 1881 1751 1931 beatus
1807 1881 2125 1930 Franciscus

180 1973 431 2039 apparuit
470 1972 656 2024 dicens
695 1990 753 2023 se
793 1973 869 2023 eis
911 1971 1327 2023 misericorditer
1368 1972 1659 2023 astiturum
1688 1978 1742 2021 et
1784 1970 2123 2020 liberationis

183 2063 427 2113 officium
470 2080 565 2113 seu
605 2062 928 2114 beneficium
971 2061 1403 2113 indubitabiliter
1445 2061 1793 2127 prebiturum.
1905 2058 1987 2109 At
2033 2059 2124 2109 ille

181 2153 600 2220 expergefactus
631 2170 829 2221 magna
859 2152 1097 2219 repletur
1125 2153 1308 2214 letitia,
1340 2160 1393 2202 et
1428 2152 1690 2203 visionem
1720 2167 1887 2217 quam
1915 2148 2123 2200 viderat

182 2242 481 2294 letabunde
507 2244 669 2294 sociis
696 2243 979 2294 nuntiavit.
1062 2241 1243 2308 Quam
1286 2242 1362 2292 illi
1392 2242 1670 2307 suspensis
1710 2240 1936 2292 auribus
1975 2238 2123 2290 audi-

181 2341 337 2383 entes
367 2349 569 2398 magno
597 2333 868 2383 exilerant
903 2332 1123 2398 gaudiO,
1170 2339 1450 2398 sperantes
1493 2332 1910 2397 promissionem
1952 2330 2123 2380 sancti

183 2422 380 2473 effectu
435 2422 747 2473 nullatenus
819 2423 1128 2473 carituram.
1257 2422 1514 2489 Quodam
1583 2422 1749 2488 igitur
1815 2437 1934 2471 sero
1998 2426 2123 2484 post

185 2513 452 2563 visionem
519 2512 845 2574 exhibitam,
912 2529 1052 2562 unus
1119 2513 1384 2578 ipsorum,
1451 2512 1626 2562 sancti
1693 2510 1972 2561 Francisci
2026 2526 2122 2560 no-

187 2603 332 2653 mine
386 2603 635 2668 primitus
700 2604 969 2663 invocato,
1026 2602 1187 2652 turris
1255 2618 1472 2651 murum
1540 2600 1912 2651 firmissimum
1979 2599 2122 2664 cepit

184 2691 446 2757 impetere
491 2691 730 2758 quodam
779 2709 908 2742 osso
962 2691 1093 2759 (sic),
1151 2700 1207 2742 et
1259 2693 1459 2742 mirum
1515 2692 1569 2741 in
1639 2689 1867 2741 modum
1923 2689 2121 2739 fabrice

184 2780 326 2831 illius
353 2779 509 2831 firma
536 2781 830 2832 stabilitate
857 2781 1174 2848 stabilisque
1202 2789 1469 2832 structura
1497 2782 1634 2832 ossis
1662 2782 1773 2831 ictu
1797 2787 1949 2831 tanta
1977 2779 2121 2829 velo-

184 2870 349 2920 citate
389 2869 628 2932 cedebat,
676 2878 736 2921 ut
783 2870 918 2921 nulli
959 2887 1150 2921 eorum
1200 2878 1341 2921 esset
1394 2870 1714 2938 ambiguum
1770 2869 1847 2919 illi
1895 2868 2119 2935 negotio

189 2976 417 3010 manum
460 2958 650 3011 divine
667 2961 879 3010 virtutis
908 2978 1002 3026 pre
1030 2978 1148 3010 esse
1171 2978 1181 3021 ;
1239 2967 1392 3011 tanta
1440 2977 1642 3025 nempe
1689 2958 1977 3009 videbatur
2016 2958 2120 3008 dis-

184 3049 319 3099 solvi
362 3057 417 3098 et
457 3050 775 3115 interrumpi
823 3049 1081 3100 facultate
1128 3050 1219 3099 illa
1260 3058 1431 3101 tenax
1481 3048 1727 3116 lapidum
1776 3048 2121 3113 cementique

184 3156 472 3205 compago,
501 3156 562 3189 ac
591 3139 633 3189 si
661 3157 771 3190 non
817 3148 961 3190 esset
989 3139 1233 3205 lapideus
1263 3139 1359 3190 sed
1388 3139 1569 3204 potius
1596 3139 1772 3188 luteus
1801 3154 1988 3187 murus
2014 3137 2116 3187 ille.

184 3229 229 3278 F
233 3246 357 3279 osso
385 3246 515 3296 ergo
544 3245 702 3279 muro
744 3237 798 3279 et
825 3230 978 3279 exitu
1002 3229 1114 3294 jam
1137 3237 1374 3295 patente,
1401 3228 1714 3279 custodibus
1735 3226 2120 3277 nichilominus

183 3336 308 3369 cum
337 3319 412 3369 eis
439 3319 816 3380 existentibus,
847 3320 899 3369 in
940 3319 1186 3369 conclavi
1228 3326 1492 3384 ceperunt
1534 3316 1602 3367 de
1643 3325 1756 3367 tam
1796 3317 1909 3366 alto
1952 3316 2119 3381 preci-

291 3474 305 3497 1
323 3474 416 3512 The
438 3474 529 3512 title
549 3474 584 3512 is
604 3473 731 3512 taken
753 3474 862 3512 from
882 3474 955 3513 the
975 3474 1066 3512 first
1082 3473 1221 3513 words
1243 3474 1292 3513 of
1301 3474 1374 3512 the
1392 3473 1566 3523 chapter
1587 3472 1671 3511 and
1684 3472 1784 3511 does
1806 3479 1880 3510 not
1900 3479 2121 3522 represent

186 3543 258 3582 the
278 3550 486 3582 contentS.

291 3609 308 3633 2
322 3611 417 3649 MS.
439 3609 570 3650 duxit.

2142 420 2359 469 Miracula‚
2381 433 2447 471 90.
