2449 3927
385 187 824 239 FORMERLY
868 187 949 238 IN
994 187 1158 238 THE
1199 188 1602 242 PHILLIPPS
1647 191 2004 244 LIBRARY
2086 207 2150 260 35

230 347 344 390 tam
368 338 478 389 alte
497 338 823 405 loquebatur
842 337 911 388 de
937 338 1059 389 Deo
1088 347 1144 390 et
1171 339 1239 389 de
1262 357 1448 391 amore
1476 340 1677 393 Christi
1703 342 1987 407 benedicti,
2009 346 2158 412 quod

230 428 395 479 verba
436 428 549 493 ejus
597 428 1031 493 supernaturalia
1076 427 1412 481 videbantur.
1517 430 1681 482 Unde
1727 432 1970 498 quodam
2020 453 2154 499 sero,

229 535 354 569 cum
404 519 458 568 in
505 517 639 568 silva
686 517 757 568 ad
803 517 1143 584 loquendum
1190 518 1259 569 de
1305 519 1429 570 Deo
1470 537 1595 570 cum
1638 521 1800 572 fratre
1840 523 2043 588 Jacobo
2094 525 2162 577 de

233 608 418 659 Massa
446 608 695 673 perrexit,
721 616 776 658 et
803 608 904 673 ipsi
933 607 1002 658 (16
1029 607 1216 660 divino
1244 626 1430 661 amore
1459 609 1769 661 dulcissime
1791 612 2158 679 loquerentur,

230 707 290 749 ut
319 699 557 749 narravit
599 697 761 747 michi
799 697 887 748 ille
918 699 1011 764 qui
1041 716 1226 751 secum
1256 699 1370 762 fuit,
1401 717 1497 766 per
1523 708 1700 751 totam
1729 710 1947 754 noctem
1976 722 2163 756 conse-

229 788 417 839 derent
439 795 492 838 et
508 789 685 838 visum
709 787 811 838 fuit
833 790 909 838 eis
931 788 1078 854 quod
1101 788 1379 840 modicum
1402 790 1789 843 consedissent.
1872 793 1980 845 Hic
2003 795 2165 846 frater

233 878 446 945 Symon
473 886 628 929 tanta
656 879 928 929 suavitate
958 878 1194 945 Spiritus
1224 879 1409 931 Sancti
1434 880 1724 944 fruebatur,
1747 882 1913 949 quod,
1938 884 2162 951 quando

230 967 438 1019 divinas
466 968 892 1019 illuminationes
921 977 976 1019 et
997 970 1339 1020 visitationes
1365 971 1735 1036 presentiebat
1758 974 1974 1036 amoriS‚
1998 992 2163 1040 pone-

231 1059 326 1108 bat
367 1075 425 1108 se
465 1058 520 1107 in
562 1057 702 1108 lecto
738 1059 847 1108 acsi
876 1058 1042 1110 vellet
1075 1059 1328 1122 dormire,
1358 1062 1486 1126 quia
1517 1060 1754 1112 Sanctus
1784 1062 1902 1130 (sic)
1930 1063 2163 1130 Spiritus

229 1147 523 1214 tranquilla
544 1149 782 1199 suavitas
804 1166 916 1199 non
939 1149 1116 1200 solum
1141 1151 1338 1200 mentis
1361 1152 1601 1217 quietem
1624 1151 1721 1202 sed
1743 1154 1906 1204 etiam
1925 1157 2164 1221 corporis

230 1238 548 1304 requirebat.
637 1238 800 1290 Unde
837 1230 966 1305 sepe
995 1241 1049 1290 in
1080 1241 1283 1291 talibus
1313 1242 1720 1293 visitationibus
1758 1243 2069 1309 rapiebatur
2108 1247 2163 1297 in

228 1328 409 1378 Deum
451 1336 504 1378 et
545 1336 696 1380 totus
739 1329 807 1380 ad
848 1331 1123 1381 exteriora
1160 1330 1494 1381 insensibilis
1525 1331 1867 1384 reddebatur.
1943 1333 2163 1387 Accidit

228 1420 372 1469 enim
400 1418 636 1485 quadam
665 1421 793 1482 vice,
825 1419 987 1487 quod,
1017 1419 1148 1471 dum
1177 1428 1320 1471 esset
1349 1420 1417 1471 ad
1446 1421 1665 1472 celestia
1694 1430 1900 1474 tractus
1929 1432 1983 1475 et
2011 1432 2162 1476 totus

231 1509 564 1560 insensibilis
619 1511 790 1561 factus
839 1510 908 1561 ad
956 1519 1132 1573 extra,
1174 1512 1322 1562 intus
1370 1529 1498 1562 vero
1546 1520 1695 1564 totus
1751 1512 1949 1564 divinis
2003 1516 2165 1566 caris-

231 1599 469 1650 matibus
498 1601 700 1666 ignitus
728 1609 783 1652 et
813 1609 1024 1664 unctus,
1055 1619 1195 1651 unus
1226 1602 1403 1664 frater,
1432 1611 1492 1652 ut
1519 1604 1860 1668 experiretur
1886 1621 1986 1670 pro
2014 1614 2164 1657 certo

228 1707 312 1752 an,
342 1699 402 1741 ut
429 1690 726 1753 videbatur,
755 1692 831 1741 sic
859 1699 1015 1753 esset,
1045 1692 1228 1758 posuit
1255 1692 1549 1743 carbonem
1580 1692 1718 1743 bene
1747 1694 1978 1759 ignitum
2004 1712 2165 1762 super

229 1779 438 1831 nudum
481 1780 677 1846 pedem
720 1782 903 1847 ipsius,
989 1781 1180 1832 Frater
1219 1799 1348 1833 vero
1387 1781 1596 1849 Symon
1634 1784 1800 1834 nichil
1830 1784 1898 1834 de
1925 1785 2163 1837 carbone

230 1871 513 1937 persensit,
546 1880 601 1922 et
641 1872 789 1938 quod
831 1872 952 1938 plus
996 1881 1091 1934 est,
1135 1872 1341 1923 nullam
1385 1875 1694 1939 passionem
1731 1882 1815 1924 est
1847 1892 2038 1941 passus
2068 1894 2161 1927 seu

230 1961 505 2025 lesionem,
548 1979 671 2013 cum
715 1971 827 2013 tam
868 1962 961 2013 diu
1005 1980 1167 2029 super
1207 1962 1403 2029 pedem
1453 1965 1604 2014 stetit
1648 1965 1738 2015 ille
1780 1966 1941 2016 carbo
1988 1966 2161 2018 donec

230 2053 644 2117 extingueretur
670 2054 919 2105 totaliter.
1006 2053 1244 2119 Quando
1271 2055 1358 2105 hic
1386 2054 1456 2105 ad
1479 2071 1721 2106 mensam
1745 2055 2015 2108 residebat
2037 2075 2161 2108 cum

230 2143 494 2205 fratribUS,
510 2151 805 2210 antequam
828 2144 1012 2194 cibum
1036 2152 1276 2195 sumeret
1297 2146 1558 2211 corporis,
1577 2145 1838 2197 alimenta
1861 2148 2163 2214 spiritualia

231 2235 392 2284 sociis
415 2234 725 2286 exhibebat.
812 2234 979 2287 Unde
1000 2234 1197 2286 accidit
1218 2236 1384 2286 semel
1408 2253 1533 2287 cum
1559 2236 1628 2286 de
1654 2236 1900 2288 Domino
1922 2238 2164 2305 loquere-

229 2331 331 2385 tur,
375 2341 560 2375 versus
601 2324 702 2376 fuit
742 2324 812 2375 ad
855 2324 1160 2376 Dominum
1204 2325 1429 2392 quidam
1473 2327 1800 2378 vanissimus
1839 2328 2056 2393 juvenis
2098 2329 2165 2380 de

231 2422 418 2464 sancto
449 2412 724 2477 Severin0‚
745 2416 837 2481 qui
867 2414 1040 2466 fuerat
1070 2416 1124 2465 in
1153 2416 1337 2466 seculo
1365 2417 1562 2467 nobilis
1592 2425 1646 2468 et
1675 2417 1941 2470 delicatus
1969 2428 2024 2471 et
2051 2420 2163 2470 val-

230 2502 297 2552 de
345 2503 589 2555 lascivus
694 2503 863 2568 Cujus
910 2506 1239 2556 vestimenta
1293 2507 1461 2572 ipsius
1511 2507 1674 2558 frater
1728 2508 1940 2576 Symon
1994 2518 2161 2561 exuta

230 2609 496 2657 reponens
550 2601 604 2644 et
657 2593 903 2646 habitum
962 2595 1238 2660 religionis
1291 2596 1438 2647 dicto
1496 2596 1684 2661 juveni
1739 2599 1984 2650 tribuens
2038 2617 2163 2650 con-

232 2682 495 2733 servabat.
600 2683 728 2749 Ipse
774 2692 958 2736 autem
997 2685 1214 2750 juvenis
1264 2703 1469 2737 moram
1517 2687 1751 2740 faciebat
1798 2707 1921 2740 cum
1970 2707 2051 2752 e0,
2104 2698 2163 2741 ut
2247 2719 2250 2721 ·

234 2772 616 2823 informaretur
663 2774 731 2824 ab
772 2776 907 2840 ipso,
1007 2774 1368 2827 Adversarius
1414 2785 1600 2829 autem
1648 2786 1834 2830 noster
1880 2779 2163 2846 dyabolus,

229 2863 322 2928 qui
369 2879 532 2913 omne
573 2863 778 2915 bonum
820 2864 1088 2930 impedire
1125 2875 1370 2929 conatur,
1410 2875 1672 2934 tanquam
1722 2869 1809 2920 leo
1850 2871 2066 2935 rugiens
2108 2871 2160 2920 in

233 2951 535 3018 predictum
577 2953 833 3018 juvenem
889 2956 1042 3006 irruit
1089 2965 1143 3006 et
1186 2956 1319 3007 alitu
1368 2975 1467 3008 suo
1509 2958 1770 3024 malignO,
1812 2976 1920 3025 quo
1961 2977 2162 3025 prunas

230 3041 420 3092 ardere
460 3042 604 3103 facit,
631 3043 765 3094 alias
807 3044 1065 3107 anhelitu,
1101 3053 1212 3096 tam
1251 3045 1504 3098 ardentes
1534 3049 1588 3098 in
1618 3049 1710 3098 illo
1739 3050 1914 3099 carnis
1944 3050 2164 3101 stimulo

230 3133 349 3199 (sic)
379 3134 659 3195 excitavit,
681 3133 831 3199 quod
862 3136 978 3200 ipse
999 3135 1217 3200 juvenis
1240 3137 1390 3187 nullo
1414 3137 1580 3188 modo
1602 3138 1910 3190 confidebat
1933 3148 2165 3205 tempta-

232 3223 372 3273 tioni
414 3223 672 3273 resistere.
761 3224 927 3275 Unde
968 3225 1228 3275 accedens
1272 3226 1340 3276 ad
1383 3227 1601 3277 fratrem
1645 3227 1948 3294 Symonem
1993 3228 2168 3281 dixit:

234 3311 429 3363 Redde
470 3312 634 3363 michi
675 3330 886 3378 pannos
929 3332 1066 3381 quos
1108 3314 1177 3365 de
1217 3317 1396 3367 seculo
1437 3319 1613 3379 attuli,
1653 3319 1745 3384 qui
1786 3320 2164 3384 temptationis
2228 3364 2232 3365 γ

228 3403 512 3468 angustias
554 3403 786 3468 amplius
824 3405 1089 3458 sustinere
1124 3422 1236 3456 non
1273 3407 1443 3458 valeo.
1530 3407 1715 3458 Frater
1743 3416 1925 3459 autem
1955 3409 2164 3476 Symon

230 3494 572 3559 compatiens
613 3493 689 3543 illi
733 3492 976 3546 dicebat:
1019 3494 1176 3557 Sede,
1218 3495 1306 3558 fili,
1345 3497 1741 3563 aliquantulum
1781 3516 2006 3550 mecum.
2092 3499 2165 3549 Et

230 3582 362 3634 dum
405 3583 568 3634 frater
615 3582 830 3650 Symon
878 3583 1064 3635 divina
1113 3585 1329 3652 eloquia
1377 3586 1595 3637 auribus
1637 3586 1767 3638 dicti
1804 3589 2018 3653 juvenis
2060 3588 2166 3639 dis-
