2449 3927
258 183 360 246 148
587 176 954 230 RECORDS
995 176 1097 229 OF
1136 175 1299 227 THE
1341 174 1839 227 FRANCISCAN

298 338 428 391 100)
447 330 528 383 ffr.
575 330 765 383 Simon
791 327 859 379 de
886 324 1158 379 Twiford¹
1188 323 1289 378 sac‘
1319 333 1372 376 et
1401 326 1538 392 pros'
1568 324 1786 377 ibidem.

352 411 523 499 &ssu
572 417 841 470 Ricardus
868 417 936 468 de
961 415 1264 482 Waneting
1290 412 1391 466 sac'
1422 413 1560 480 prof'
1589 414 1734 481 apud
1763 413 2018 480 Rading'.

338 501 427 588 Θ
447 509 523 562 ffr.
566 509 610 576 J.
646 508 715 560 de
743 506 1093 574 Bokingham
1121 503 1224 558 sac'
1252 513 1307 557 et
1335 505 1474 571 prof'
1505 504 1721 556 ibidem.

342 593 432 684 Θ
451 598 532 652 ffr.
572 597 848 665 Johannes
877 596 946 648 de
974 595 1158 647 Graue
1184 595 1286 646 sac’
1318 601 1371 646 et
1399 591 1535 661 prof
1561 593 1779 645 ibidem.

446 687 525 741 ffr.
575 688 850 739 Henricus
877 685 945 736 de
973 684 1173 738 Sotton
1193 682 1212 712 2
1241 684 1343 735 sac’
1374 683 1512 748 prof'
1541 682 1688 750 apud
1717 682 1989 734 London’.

449 777 525 830 ffr.
572 775 839 828 Ricardus
884 774 954 826 de
1001 773 1204 826 Sancto
1245 773 1408 824 Petro
1456 772 1561 824 sac’
1611 771 1751 839 prof’
1793 770 1938 837 apud
1982 770 2183 822 Riche-

650 864 833 918 mund.

360 962 417 1018 Θ
451 956 528 1008 ffr.
572 956 850 1023 Johannes
878 952 947 1005 de
975 953 1189 1020 Trenge
1217 949 1318 1003 sac'
1350 950 1488 1019 prof’
1518 950 1665 1018 apud
1692 949 1977 1002 Bedeford.

456 1046 535 1098 ffr.
579 1044 792 1097 Alanus
820 1043 890 1095 de
917 1043 1115 1095 Sutton
1143 1040 1249 1093 sac’
1281 1040 1419 1108 prof'
1443 1040 1591 1108 apud
1620 1038 1898 1092 London'.

455 1136 531 1188 ffr.
578 1134 857 1187 Robertus
877 1133 946 1185 de
967 1132 1170 1185 Sancto
1195 1131 1417 1183 Albano
1443 1148 1505 1182 sa
1531 1171 1541 1182 .
1572 1129 1710 1197 prof
1737 1129 1884 1196 apud
1905 1128 2178 1182 Cantuar’.

452 1225 529 1277 ffr.
562 1224 851 1299 >Robertus
877 1223 945 1274 de
974 1222 1188 1275 Sutton’
1217 1221 1320 1272 sac’
1350 1228 1405 1271 et
1433 1218 1572 1287 prof'
1600 1218 1745 1286 apud
1773 1219 2102 1274 Eboracum.

453 1314 533 1367 ffr.
582 1314 855 1365 Henricus
887 1312 1066 1379 Helys
1095 1311 1357 1362 diaconus
1384 1317 1438 1361 et
1466 1309 1603 1376 prof'
1629 1308 1778 1375 apud
1805 1307 2040 1360 Kerdiu'.

355 1419 427 1456 20
454 1403 529 1455 ffr.
574 1403 816 1455 Thomas
842 1402 912 1453 de
942 1400 995 1452 Η
1004 1417 1137 1452 erun
1155 1398 1176 1429 ³
1204 1399 1312 1452 sac’
1341 1399 1479 1466 prof’
1508 1397 1654 1466 apud
1682 1397 1944 1450 London'.

454 1494 530 1545 ffr.
574 1494 823 1561 Rogerus
850 1492 917 1544 de
947 1491 1165 1543 Multon
1192 1490 1418 1541 clericus
1445 1487 1584 1556 prof'
1611 1486 1757 1554 apud
1787 1485 2089 1539 Donewic'¹'

453 1583 528 1636 ffr.
575 1584 617 1651 J.
650 1583 718 1635 de
746 1581 998 1636 Salesbir'
1030 1580 1132 1632 sac'
1161 1587 1216 1631 et
1240 1578 1378 1645 prof'
1405 1576 1548 1645 apud
1576 1577 1936 1629 Winchelsee.

365 1678 418 1730 Θ
451 1675 529 1728 ffr.
575 1672 842 1733 Ricardus
871 1671 940 1724 de
967 1666 1269 1722 Doninton'
1299 1668 1402 1720 sac'
1435 1667 1570 1735 prof'
1598 1665 1745 1735 apud
1775 1666 2033 1718 Graham.

447 1765 523 1818 ffr.
570 1766 611 1832 J.
646 1764 714 1815 de
740 1763 854 1815 Bek
882 1758 984 1814 sac'
1013 1769 1068 1813 et
1093 1759 1228 1827 prof
1255 1757 1400 1827 apud
1428 1758 1796 1810 Glouerniam.
1961 1739 1969 1745 .

456 1856 532 1908 ffr.
577 1854 888 1907 Willelmus
916 1851 985 1903 de
1013 1850 1258 1904 Coleuile
1284 1849 1453 1900 laicus
1481 1856 1536 1900 et
1563 1845 1701 1915 prof'
1729 1845 1878 1913 apud
1908 1843 2158 1899 Colcest’.

456 1946 536 1999 ffr.
584 1945 853 1997 Henricus
882 1942 951 1993 de
977 1938 1290 1994 Plumstede
1317 1937 1420 1990 sac’
1449 1946 1505 1989 et
1533 1937 1669 2005 prof'
1694 1935 1913 1992 ibidem.

459 2036 536 2089 ffr.
583 2032 953 2102 Reginaldum
1017 2030 1138 2097 (sic)
1211 2028 1281 2080 de
1336 2026 1632 2095 Keington’
1651 2026 1671 2055 4
1737 2044 1795 2078 sa
1824 2068 1835 2079 .
1866 2042 1966 2094 pro
1994 2068 2003 2077 .
2033 2025 2182 2093 apud

652 2123 1012 2176 Winchelsee.

460 2216 535 2268 ffr.
580 2214 895 2266 Willelmus
923 2211 993 2263 de
1019 2212 1130 2279 Ely
1157 2208 1262 2261 sac’
1292 2217 1347 2260 et
1376 2207 1514 2275 prof’
1544 2206 1688 2274 apud
1717 2206 1922 2257 Lenne.

457 2305 536 2358 ffr.
579 2305 821 2357 Thomas
848 2302 1114 2355 Coleman
1154 2300 1378 2351 clericus
1404 2305 1458 2350 et
1496 2298 1740 2349 nouicius
1766 2295 1913 2364 apud
1954 2296 2189 2348 Bristol-

655 2394 784 2446 lum.

363 2501 433 2551 30
461 2485 540 2538 ffr.
587 2485 633 2552 J.
665 2484 734 2536 de
761 2481 1109 2535 Trandeston
1138 2480 1362 2531 clericus
1391 2486 1444 2530 et
1471 2478 1719 2529 nouicius
1747 2475 1892 2543 apud
1922 2476 2123 2528 Lenne.

356 2566 538 2655 for,
580 2574 891 2626 Willelmus
918 2572 986 2624 de
1013 2569 1278 2623 Abindon
1306 2568 1530 2619 clericus
1555 2566 1692 2634 prof
1720 2565 1865 2633 apud
1893 2564 2142 2632 Rading'.

461 2665 541 2718 ffr.
583 2665 861 2733 Johannes
900 2662 1115 2713 Winter
1154 2659 1374 2712 clericus
1400 2666 1454 2709 et
1494 2657 1743 2708 nouicius
1774 2654 1922 2723 apud
1960 2655 2187 2707 Bristol-

659 2755 785 2806 lum.

463 2845 540 2897 ffr.
585 2843 896 2896 Willelmus
925 2841 994 2892 de
1020 2836 1301 2891 Waleden’
1331 2836 1638 2890 Gardianus
1664 2835 2021 2887 Winchelsee.

462 2935 542 2987 ffr.
585 2933 897 2985 Willelmus
925 2931 994 2982 de
1021 2929 1299 2983 Burnham
1327 2945 1386 2979 sa
1412 2970 1423 2982 .
1456 2925 1593 2994 prof’
1622 2924 1766 2993 apud
1797 2925 2116 2977 Lewesiam.

462 3024 539 3078 ffr.
585 3023 831 3076 Thomas
850 3021 920 3073 de
941 3019 1234 3073 Manerbir'
1265 3036 1324 3070 sa
1350 3058 1363 3071 .
1394 3017 1533 3084 prof
1558 3015 1704 3083 apud
1726 3014 2183 3067 Kermerdiniam.

379 3168 394 3194 ¹
411 3166 620 3208 Lieensed
640 3174 685 3206 to
705 3165 805 3205 hear
826 3163 1086 3204 confessions
1105 3162 1147 3201 in
1171 3171 1300 3211 1300:
1333 3158 1584 3210 Dalderby’s
1603 3158 1814 3210 Register,
1836 3158 1864 3197 f.
1890 3167 1951 3207 15.

377 3236 394 3261 ²
410 3235 599 3287 Possibly
618 3234 691 3274 the
709 3232 920 3273 Henricus
934 3230 987 3270 de
1003 3231 1158 3270 Sutton
1174 3229 1272 3269 who
1286 3240 1379 3268 was
1395 3224 1584 3266 Warden
1605 3225 1654 3265 of
1669 3224 1849 3264 London
1864 3225 1907 3264 in
1927 3235 2045 3275 1302,
2066 3235 2185 3275 1307,

266 3303 350 3344 and
367 3304 549 3356 perhaps
574 3302 617 3342 in
641 3312 768 3352 1319;
797 3300 906 3352 Grcy
927 3298 1078 3340 Friars
1097 3297 1143 3337 in
1163 3297 1339 3351 Oxford,
1360 3308 1401 3347 p.
1423 3305 1525 3344 219:
1557 3293 1652 3333 MS.
1675 3292 1784 3333 Add.
1807 3294 1950 3344 17362.

377 3369 394 3396 ⁸
407 3369 598 3410 Waxden
617 3370 667 3409 of
679 3367 960 3414 Winchestet,
981 3364 1168 3405 licensed
1196 3365 1252 3416 by
1274 3363 1435 3415 Bishop
1466 3359 1655 3402 Sandale
1683 3368 1728 3401 to
1747 3360 1851 3400 hear
1864 3357 2144 3406 confessione,
2161 3357 2189 3396 8

186 3430 189 3433 .
269 3439 432 3487 March,
455 3439 584 3488 1318;
614 3438 716 3490 Reg.
738 3435 791 3488 J.
812 3435 861 3475 de
882 3433 1072 3473 Sandale
1095 3431 1371 3486 (Hampshire
1392 3428 1557 3470 Record
1576 3428 1706 3479 Soc.),
1721 3440 1763 3480 p.
1779 3428 1845 3478 85.

380 3506 398 3531 ⁴
414 3506 620 3558 Probably
637 3506 711 3546 the
725 3504 822 3544 friat
844 3500 1054 3554 Reginald
1067 3500 1120 3541 de
1136 3501 1332 3540 Keneton
1346 3498 1442 3539 who
1461 3495 1655 3538 received
1673 3506 1759 3546 27³·
1781 3495 1828 3535 of
1844 3495 1918 3536 the
1938 3494 2056 3547 royal
2076 3494 2191 3533 alms

268 3574 333 3614 fot
350 3573 422 3614 the
443 3573 583 3614 Friars
604 3573 743 3612 Minor
763 3572 811 3612 of
827 3569 1090 3617 Chichester,
1111 3568 1154 3607 in
1176 3568 1291 3620 May,
1315 3577 1433 3617 1297.
1492 3565 1587 3604 MS.
1603 3562 1709 3605 Add.
1731 3564 1852 3614 7965,
1873 3563 1946 3606 fol.
1964 3563 2004 3603 8.
