2449 3927
185 187 256 239 74
318 175 844 227 DESCRIPTION
872 176 971 228 OF
993 175 1046 226 A
1070 174 1569 227 FRANCISCAN
1599 173 2104 226 MANUSCRIPT

181 323 317 368 etiam
351 324 459 380 quia
491 333 595 368 sunt
627 325 784 368 fratres
817 324 962 381 magis
997 324 1147 380 frigidi
1181 324 1226 367 in
1259 323 1418 367 ordine
1450 324 1588 366 modo
1621 322 1667 366 in
1697 322 1901 366 oratione
1933 331 1978 366 et
2010 322 2109 366 aliis

181 398 316 442 bonis
340 398 567 455 operibus,
593 408 638 444 et
661 400 806 455 magis
830 399 1039 444 dissoluti
1070 400 1130 443 ad
1161 400 1432 455 proferenda
1455 400 1597 442 verba
1620 397 1796 441 inutilia
1818 406 1863 441 et
1886 397 2032 441 otiosa
2056 412 2110 441 ac

184 471 323 515 etiarn
344 485 467 515 nova
489 474 622 529 hujus
656 473 810 527 seculi,
845 487 985 529 quam
1018 474 1226 516 solebant
1245 488 1255 524 3
1288 473 1419 515 locus
1452 480 1608 514 autem
1630 470 1705 513 ille
1728 484 1821 513 non
1845 470 2042 513 habetur
2065 469 2110 512 in

183 554 310 590 tanta
330 547 587 591 reverentia
609 556 654 592 et
674 548 914 592 devotione
938 563 965 591 a
988 547 1202 591 fratribus
1223 547 1299 602 qui
1321 554 1511 590 manent
1531 546 1594 589 ibi
1617 554 1663 589 et
1685 547 1745 589 ab
1768 545 1866 588 aliis
1888 544 2110 600 religiosis

155 618 162 624 ’
184 621 300 665 sicut
323 623 537 666 convenit
560 632 604 667 et
626 623 741 667 sicut
762 625 925 667 vellem
956 626 1026 682 (cf.
1055 624 1367 682 Spec.‘PeU.).
1431 623 1453 680 ἕ
1479 636 1535 678 23
1558 642 1566 669 :
1604 630 1807 665 sanctam
1843 621 2110 665 societatem

185 705 321 753 atque
344 698 579 743 familiam.

66 817 162 867 141
301 790 357 856 (f.
398 805 415 840 Ι
436 793 497 842 18
530 792 549 859 )
589 792 736 843 Nota
762 794 985 859 quedam
1014 792 1272 844 memoria
1298 793 1465 858 dzjgna
1504 792 1567 841 de
1591 791 1743 841 sociis
1769 790 1909 840 beati
1932 789 2106 839 Fran-
2125 790 2384 886 gffssgim'ff
2405 852 2422 888 t

1456 864 1461 866 ’
2278 875 2303 894 -,
2367 860 2401 888 18
2423 879 2432 890 .

187 879 318 930 cz'scz'.
2123 898 2322 949 satyrica

2124 953 2321 1005 (Miscell.

197 990 559 1093 FRATER
600 1016 829 1069 Rufinus
870 1015 938 1065 de
979 1014 1193 1065 Assisio
1234 1013 1481 1080 specialis
1522 1013 1623 1063 fuit
1664 1012 1806 1062 beati
1837 1007 2413 1062 FrancisciFsass0·›Vffi·‚

190 1113 477 1173 familiariS,
507 1111 592 1160 cui
633 1109 824 1158 beatus
867 1105 1185 1155 Franciscus
1229 1104 1605 1154 testimonium
1649 1101 1919 1168 perhibuit
1960 1100 2109 1167 quod
2125 1061 2277 1113 57·58)·

189 1204 276 1254 hic
315 1205 502 1254 vivens
543 1206 686 1250 esset
726 1197 1073 1248 canonizatus
1115 1196 1170 1244 in
1211 1194 1352 1245 celis,
1434 1193 1623 1244 Frater
1651 1192 1766 1243 Leo
1806 1191 1875 1242 de
1902 1190 2126 1253 Assisio

192 1295 291 1345 fuit
319 1309 442 1343 cum
470 1292 517 1341 b.
551 1289 838 1340 Francisco
867 1284 1085 1352 quando
1126 1285 1326 1350 recepit
1368 1283 1623 1349 stigmata
1662 1290 1717 1332 et
1746 1283 1920 1347 primo
1950 1282 2111 1347 scrip-

190 1385 260 1435 sit
287 1383 532 1450 regulam
561 1379 783 1430 fratrum
815 1375 1104 1425 Minorum.
1187 1373 1294 1424 Hic
1323 1372 1604 1424 mandavit
1646 1372 1793 1422 fratri
1823 1370 2115 1422 Guillelmo

192 1474 258 1525 de
286 1472 488 1539 Anglia
518 1469 733 1535 sepulto
774 1468 828 1517 in
856 1465 1079 1516 ecclesia
1107 1465 1155 1515 b.
1190 1463 1460 1514 Francisci
1502 1470 1556 1512 et
1597 1462 1870 1512 miraculis
1899 1460 2116 1510 chorus-

191 1565 334 1615 canti
376 1580 444 1613 ne
490 1559 722 1626 amplius
767 1557 963 1607 faceret
1003 1554 1262 1605 miracula
1301 1552 1516 1603 dicens:
1559 1551 1670 1604 Cur
1708 1568 1820 1601 non
1862 1550 2116 1601 revereris

193 1654 474 1704 meliorem
503 1659 558 1701 te
585 1657 795 1720 patrem
824 1654 1074 1697 nostrum
1104 1644 1487 1694 Franciscum?
1569 1641 1640 1691 Et
1673 1641 1857 1692 statim
1887 1641 2117 1691 cessavit

191 1762 222 1795 a
265 1738 572 1795 miraculis,1
653 1738 843 1788 Frater
871 1736 1060 1786 Petrus
1087 1734 1316 1786 Cathani
1357 1733 1587 1783 vicarius
1632 1732 1733 1782 fuit
1772 1730 1917 1781 beati
1949 1730 2117 1780 Fran-

191 1835 345 1885 cisci:
391 1832 536 1882 hunc
576 1829 625 1880 b.
670 1827 988 1878 Franciscus
1036 1823 1105 1875 ad
1147 1824 1327 1874 locum
1377 1820 1725 1873 Portiuncule
1770 1820 1993 1870 veniens
2040 1836 2117 1870 re·-

193 1926 329 1991 perit
383 1922 734 1973 defunctum:
814 1916 1046 1967 multum
1114 1922 1296 1964 autem
1365 1929 1490 1963 eum
1560 1911 1859 1962 dilexerat:
1925 1908 2117 1960 videns

190 2023 373 2065 autem
405 2013 587 2062 locum
615 2009 777 2059 nimis
805 2025 835 2057 a
864 2004 1191 2056 secularibus
1221 2002 1549 2070 frequentari
1593 2009 1818 2068 propter
1860 1999 2116 2051 miracula

193 2103 365 2154 multa
407 2118 511 2168 que
552 2097 798 2159 faciebat,
829 2104 884 2146 et
925 2094 1177 2144 mulieres
1218 2092 1511 2159 portabant
1551 2092 1722 2142 linum
1763 2098 1817 2141 et
1857 2090 2002 2150 talia,
2034 2106 2116 2140 ac-

192 2194 355 2244 cessit
395 2190 465 2242 ad
506 2190 684 2239 locum
726 2186 1003 2252 sepulture
1049 2191 1102 2234 et
1149 2184 1255 2234 ait:
1307 2182 1496 2233 Frater
1544 2182 1715 2243 Petre,
1759 2180 1905 2231 fuisti
1956 2178 2115 2229 michi

191 2282 453 2334 obediens
482 2282 535 2330 in
562 2279 674 2329 vita
701 2284 754 2327 et
783 2292 925 2326 nunc
955 2273 1115 2324 michi
1145 2271 1367 2322 obedire
1398 2271 1575 2322 debes,
1661 2269 1868 2320 Mando
1896 2269 1995 2320 tibi
2024 2285 2120 2334 per

192 2371 560 2424 obedientiam
602 2376 662 2418 ut
703 2383 879 2417 cesses
921 2364 989 2415 ab
1018 2364 1132 2414 istis
1172 2361 1439 2412 miraculis
1481 2362 1606 2427 quia
1648 2361 1880 2411 multum
1924 2358 2117 2409 moles-

192 2471 372 2514 tamur
411 2479 441 2511 a
483 2457 823 2510 secularibus,
906 2455 980 2505 Et
1021 2454 1207 2504 statim
1248 2453 1490 2503 cessavit.
1577 2451 1653 2502 Et
1692 2468 1817 2501 cum
1857 2450 1905 2500 b.
1951 2448 2119 2499 Fran-

193 2554 364 2603 ciscus
393 2551 596 2601 faceret
624 2545 899 2599 transferri
929 2561 1123 2610 corpus
1151 2543 1280 2608 ejuS‚
1311 2543 1561 2592 inventus
1589 2549 1672 2591 est
1703 2540 1861 2592 flexis
1888 2538 2119 2605 genibus

194 2642 245 2693 in
293 2641 573 2708 sepultura
627 2638 781 2705 quasi
830 2640 1132 2685 reverenter
1179 2633 1343 2698 patris
1397 2632 1726 2697 suscepisset
1780 2628 2114 2689 mandatum,

194 2731 384 2782 Frater
412 2727 684 2780 Gerardus
713 2725 781 2775 de
813 2724 1041 2785 Mutina,
1071 2724 1161 2789 qui
1208 2724 1260 2772 in
1293 2721 1508 2772 Mutina
1536 2729 1618 2771 est
1647 2719 1904 2785 sepultuS,
1935 2716 2120 2768 multis

193 2818 527 2886 resplenduit
576 2814 860 2876 miraculiS‚
910 2813 1010 2863 fuit
1053 2828 1179 2862 cum
1228 2812 1279 2863 b.
1330 2811 1619 2861 Francisco
1665 2808 1888 2876 quando
1929 2806 2119 2858 avibus

194 2909 502 2976 predicavit.
587 2907 776 2957 Frater
806 2903 1065 2954 Matheus
1095 2901 1338 2952 similiter
1364 2900 1540 2950 eidem
1578 2898 1931 2965 predicationi
1961 2898 2122 2946 inter-

192 2997 330 3051 fuit.2
415 2999 523 3048 Hic
565 3013 692 3062 sepe
733 2995 780 3045 b.
813 2993 1159 3043 Franciscum
1203 2991 1472 3042 sociabat:
1516 2989 1736 3055 pulchre
1777 2989 1922 3038 enim
1964 2985 2120 3036 mori-

194 3096 411 3156 geratus
438 3094 566 3138 erat.
652 3085 790 3135 Item
820 3083 920 3133 fuit
947 3098 1070 3132 cum
1099 3081 1146 3131 b.
1175 3081 1460 3130 Francisco
1482 3077 1705 3145 quando
1728 3076 2119 3143 indulgentiam

196 3178 488 3245 inpetravit
529 3194 560 3227 a
607 3174 852 3225 dominO.
977 3171 1166 3222 Frater
1221 3170 1480 3222 Silvester
1526 3167 1594 3219 de
1643 3167 1858 3218 Assisio
1904 3164 2118 3231 expulit

312 3338 326 3361 1
345 3335 414 3388 Cf.
431 3335 585 3374 chron.
602 3335 726 3383 xxiv„
745 3334 868 3381 Gen„
887 3345 925 3383 p.
942 3343 1018 3381 217
1036 3343 1044 3377 ;
1066 3331 1116 3370 B.
1132 3331 1179 3369 of
1193 3330 1299 3377 Pisa,
1316 3328 1415 3369 Lib.
1434 3328 1555 3376 Conf.
1575 3328 1623 3375 1.,
1642 3339 1715 3376 193
1732 3338 1742 3374 ;
1761 3325 1993 3376 Catalogus
2007 3335 2121 3362 sanc-

201 3409 336 3444 torum
346 3404 544 3457 fratrum
566 3403 779 3442 Minorum
803 3401 885 3454 (ed.
909 3399 1171 3448 Lemmem),
1193 3411 1232 3449 p.
1255 3410 1293 3447 5,
1315 3397 1456 3436 where
1485 3397 1556 3435 the
1586 3394 1812 3434 command
1842 3393 1876 3432 is
1896 3389 2121 3431 attributed

205 3480 251 3512 to
271 3472 401 3510 Elias.

325 3539 341 3563 2
359 3539 550 3589 Angelus
571 3538 654 3577 and
677 3538 871 3576 Masseus
891 3548 1000 3574 were
1020 3542 1189 3585 present
1210 3532 1439 3584 according
1459 3539 1504 3570 to
1522 3531 1650 3569 Actus
1675 3531 1733 3567 16,
