2449 3927
224 199 293 252 50
353 186 878 237 DESCRIPTION
906 186 1005 237 OF
1027 185 1081 235 A
1104 147 1604 237 FRANCISCAN
1632 185 2137 238 MANUSCRIPT

121 338 197 401 64
329 338 386 404 (f.
418 352 452 401 9
460 339 531 405 3f)
572 338 656 387 De
677 337 976 404 magisterio
995 337 1168 386 sancti
1190 336 1467 387 Francz‘scz'
1481 336 1558 386 ad
1561 337 1800 401 fratrem
1827 336 2062 390 Leonem.
2151 354 2283 394 Actus
2303 365 2342 404 7.

330 426 586 493 Quodam
627 434 870 492 tempore
907 426 1107 492 yemali
1147 443 1273 476 cum
1314 433 1536 476 sanctus
1579 425 1898 476 Franciscus
1934 427 2140 476 veniret

216 516 285 567 de
308 517 528 568 Perusio
551 533 672 566 cum
702 516 865 566 fratre
895 515 1084 566 Leone
1105 514 1175 565 ad
1205 513 1259 566 S.
1295 515 1528 566 Mariam
1552 514 1620 566 de
1641 513 1876 580 Angelis
1897 523 1952 566 et
1973 515 2143 581 frigus

215 608 392 673 ipsum
453 607 706 657 acerrime
764 606 1036 666 cruciaret,
1101 606 1318 655 vocavit
1381 604 1431 656 S.
1498 605 1542 655 F
1546 606 1820 656 ranciscus
1873 635 1945 642 —-
2010 604 2145 656 Ideo

215 696 346 747 dicit
390 696 697 762 apostolus:
758 695 922 745 Michi
977 695 1117 746 absit
1168 694 1385 760 gloriari
1441 696 1541 746 nisi
1597 696 1653 745 in
1707 712 1864 746 cruce
1917 694 2146 745 Domini

216 787 388 836 nostri
416 786 542 851 Jesu
573 785 774 837 Christi
805 785 857 834 in
887 785 1067 835 secula
1095 783 1418 835 seculorum.
1501 783 1697 835 Amen.

332 897 354 954 5
381 907 436 937 2:
472 893 680 949 quamvis
715 894 874 936 fratres
910 891 1110 936 Minores
1144 891 1189 934 in
1223 892 1350 935 omni
1385 900 1503 942 terra
1537 893 1647 936 dent
1681 926 1690 935 .
1725 927 1734 936 .
1770 927 1779 936 .
1813 892 1962 936 scribe
1985 900 2031 936 et
2052 891 2150 935 dili·

217 978 377 1026 genter
410 978 520 1013 nota
556 969 693 1026 quod.
764 969 786 1026 5
826 981 880 1023 3:
922 983 1083 1012 curvos
1121 970 1232 1026 (for
1258 971 1561 1025 contractos);
1601 968 1970 1024 quadriduanum
2008 968 2150 1012 etiam

216 1045 467 1090 resuscitet.
535 1046 557 1104 5
592 1057 647 1098 4:
682 1045 765 1088 sed
790 1053 834 1088 et
852 1044 1154 1088 conscientias
1177 1044 1444 1088 animorum.
1519 1046 1540 1102 5
1571 1055 1591 1100 5
1614 1060 1622 1087 :
1659 1052 1703 1088 et
1727 1053 1880 1088 essent
1904 1044 1945 1088 ei
1964 1033 2151 1089 revelati

217 1123 428 1166 thesauri.
513 1123 535 1181 5
578 1122 633 1164 6:
684 1129 729 1164 et
771 1129 1070 1176 cognosceret
1113 1120 1299 1164 virtutes
1345 1120 1500 1163 avium
1545 1128 1589 1164 et
1632 1120 1824 1176 piscium
1866 1130 1911 1165 et
1947 1120 2151 1164 omnium

217 1198 480 1242 animalium
513 1206 558 1241 et
590 1196 825 1240 hominum
858 1204 904 1239 et
937 1198 1155 1240 arborum
1187 1203 1233 1239 et
1266 1195 1472 1251 lapidum
1507 1204 1554 1239 et
1592 1196 1799 1239 radicum
1833 1205 1878 1240 et
1912 1210 2151 1252 aquarum,

218 1274 363 1318 scribe
386 1274 510 1329 quod
531 1272 593 1317 ibi
615 1288 706 1316 non
729 1281 798 1316 est
821 1273 1024 1328 perfecta
1057 1271 1199 1316 letitia
1234 1270 1307 1331 [cf.
1332 1272 1541 1326 F2·0rett2·‚
1569 1273 1627 1333 8].
1696 1273 1717 1330 5
1742 1286 1769 1328 9
1790 1288 1798 1315 :
1834 1272 2002 1316 Veniet
2021 1289 2032 1326 ;
2067 1288 2151 1317 om.

219 1350 368 1394 iratus.
438 1351 460 1407 5
508 1363 589 1392 10:
628 1348 705 1405 qui
740 1348 848 1393 estis
883 1348 1162 1392 circueundo
1194 1348 1433 1391 mundum.
1567 1360 1648 1403 13:
1689 1349 1892 1391 latrones
1927 1350 2038 1406 (for
2055 1350 2154 1404 pul-

217 1428 402 1483 trones).
471 1426 493 1484 5
516 1438 595 1479 14:
629 1426 691 1469 Et
706 1424 741 1468 si
756 1439 839 1468 nos
857 1426 945 1468 hoc
962 1424 1190 1481 patienter
1207 1424 1540 1480 portaverimus
1559 1432 1603 1467 et
1618 1424 1874 1479 gaudenter
1886 1432 1930 1467 et
1945 1423 2155 1481 injuriam

218 1501 543 1558 perciperimus
561 1502 661 1558 (sic)
678 1516 782 1545 curn
802 1514 957 1544 amore
975 1508 1020 1544 et
1039 1508 1134 1544 toto
1157 1500 1306 1543 corde.
1375 1500 1397 1557 5
1430 1500 1563 1556 15-16
1584 1515 1593 1543 τ
1628 1514 1716 1554 ego
1734 1500 1919 1555 pagabo
1935 1514 2026 1543 eos,
2095 1501 2158 1543 Et

219 1577 374 1622 exiens
407 1593 510 1621 cum
546 1592 638 1622 uno
674 1578 838 1621 baculo
875 1577 1113 1631 noduloso,
1155 1575 1340 1632 capiens
1384 1590 1466 1619 nos
1506 1590 1586 1631 per
1630 1575 1866 1631 caputium
1894 1576 1955 1619 ad
1985 1583 2154 1620 terram

221 1668 357 1710 super
388 1654 541 1698 nivem
579 1653 786 1710 projiciat
818 1688 827 1697 .
861 1687 870 1696 .
908 1687 918 1697 .
955 1653 1163 1697 verberet
1197 1688 1205 1696 .
1242 1686 1251 1696 .
1288 1686 1297 1695 .
1334 1651 1534 1707 impleat.
1600 1651 1622 1710 5
1654 1652 1736 1694 18:
1789 1653 1829 1695 O
1865 1652 2008 1695 frater
2043 1653 2151 1707 Leo,

222 1730 367 1774 scribe
389 1731 514 1785 quod
535 1725 691 1773 ibi'est
714 1730 918 1785 perfecta
941 1728 1096 1773 letitia.
1163 1730 1319 1783 Quare
1350 1727 1458 1772 audi
1493 1727 1847 1783 conclusionem,
1874 1728 2011 1771 frater
2042 1729 2151 1783 Leo,

221 1804 337 1850 inter
358 1806 512 1850 omnia
545 1841 553 1851 .
585 1840 595 1850 .
633 1839 643 1849 .
676 1805 862 1850 vincere
886 1805 1087 1861 seipsum
1112 1805 1185 1864 [cf.
1212 1806 1422 1859 Fiorettz}
1451 1805 1510 1865 8].
2165 1795 2170 1801 ¹

123 1940 198 2006 ¹55
336 1921 392 1988 (f.
438 1922 556 1989 93v)
597 1920 682 1971 De
720 1920 970 1970 locutione
1016 1919 1125 1969 Dei
1150 1919 1309 1983 sacta
1341 1928 1444 1984 per
1464 1919 1704 1983 fratrem
1745 1917 1969 1968 Leonem
2009 1917 2151 1968 beato
2163 1924 2296 1965 Actus
2314 1925 2354 1966 8.

215 2010 514 2067 Francz'sco‚

334 2100 477 2154 Cum
501 2101 693 2152 beatus
719 2107 869 2167 pater
894 2106 1080 2149 noster
1102 2098 1626 2159 Franciscus——et
1646 2097 1964 2164 compuncti
1986 2097 2150 2148 corde

214 2192 454 2244 lacrimis
481 2199 536 2242 et
574 2189 947 2241 consolatione
987 2188 1170 2240 divina
1212 2206 1385 2255 usque
1425 2187 1494 2238 ad
1537 2204 1788 2246 auroram
1816 2187 2004 2254 vigiles
2033 2205 2149 2254 per-

223 2289 550 2334 manserunt.
630 2279 722 2330 Ad
751 2264 968 2330 laudem
996 2278 1210 2330 Christi.
1296 2277 1491 2328 Amen.

306 2391 328 2449 5
352 2404 367 2435 1
393 2406 401 2434 :
435 2392 536 2434 loco
554 2390 665 2450 (for
682 2389 864 2446 locello)
884 2408 894 2444 ;
929 2388 1115 2443 quando
1137 2387 1197 2430 ad
1231 2385 1505 2430 matutinum
1529 2393 1751 2429 venerunt
1774 2386 1880 2444 (sor
1890 2385 2149 2441 quadarn-

222 2467 506 2524 matutinas).
573 2468 595 2526 5
632 2479 657 2522 3
679 2481 687 2509 :
723 2472 789 2509 tot
822 2465 947 2507 mala
968 2471 1014 2507 et
1037 2471 1238 2519 peccata.
1306 2463 1327 2519 5
1355 2476 1380 2518 3
1401 2477 1409 2505 :
1435 2476 1593 2506 verum
1617 2470 1684 2505 est
1705 2462 1828 2516 quod
1851 2469 1900 2505 tu
1924 2460 2150 2505 infernum

222 2543 631 2600 profundissimum
647 2540 861 2585 meruisti.
930 2543 952 2601 5
974 2552 1028 2593 4:
1066 2539 1276 2582 columbe
1296 2539 1404 2597 (sor
1417 2537 1692 2595 columbine)
1712 2554 1722 2590 3
1753 2552 1837 2581 orn.
1858 2536 2151 2593 purissimus:

221 2623 392 2680 incepit
424 2622 533 2679 (for
557 2618 731 2675 coepit).
801 2616 823 2674 5
859 2630 915 2673 9:
959 2629 1139 2671 semper
1178 2615 1286 2673 (for
1317 2616 1432 2670 per).
1502 2614 1524 2671 5
1567 2626 1647 2656 11:
1697 2613 1918 2657 cativelle.
2002 2614 2024 2671 ξ
2067 2625 2149 2656 12:

222 2701 363 2744 frater
412 2701 508 2742 Leo
557 2695 785 2752 pecorella
822 2727 831 2736 .
873 2727 883 2737 .
923 2726 933 2735 .
977 2692 1105 2748 cujus
1151 2698 1222 2735 est
1269 2689 1447 2733 infinita
1494 2689 1806 2733 misericordia
1855 2690 2002 2746 major
2040 2724 2048 2733 .
2091 2723 2100 2732 .
2141 2724 2151 2733 .

224 2790 444 2832 magnam
478 2770 832 2816 misericordiam
866 2770 970 2826 (om.
995 2766 1189 2823 gratiam
1224 2770 1301 2824 et).
1371 2770 1394 2827 5
1426 2779 1506 2821 13:
1551 2767 1718 2821 Quare,
1744 2766 1880 2809 frater
1904 2766 2010 2821 Leo,
2046 2800 2056 2809 .
2093 2799 2102 2808 .
2141 2799 2150 2809 .

227 2853 381 2897 facere
405 2846 718 2907 presumpsisti
752 2855 797 2889 et
829 2844 993 2889 totiens
1025 2842 1252 2886 contraria
1284 2841 1571 2899 respondisti.
1656 2843 1678 2899 5
1710 2842 1790 2885 16:
1828 2856 1932 2884 cum
1954 2840 2153 2885 lacrimis

227 2927 440 2972 dicebat:
478 2926 518 2969 O
544 2925 680 2968 frater
702 2921 935 2967 Catinelle.
1004 2920 1026 2977 5
1058 2930 1109 2971 17
1132 2935 1140 2962 z
1176 2917 1492 2974 magnificabit
1516 2918 1628 2976 (for
1644 2917 1943 2974 glorificabit).

139 3040 211 3089 66
276 3044 277 3047 ’
342 3033 396 3099 (f.
420 3033 533 3099 94f)
573 3030 657 3080 De
684 3026 978 3079 inventione
1004 3024 1196 3074 montis
1222 3024 1458 3075 Alverne
1485 3032 1535 3073 et
1558 3024 1784 3074 visiones
1808 3026 1838 3090 (
1838 3023 1915 3073 sz‘c
1915 3025 1943 3087 )
1946 3022 2153 3087 fratris
2171 3032 2301 3071 Actus
2321 3042 2359 3079 9-

230 3124 428 3174 Leonis.

345 3212 543 3265 Christi
584 3210 711 3276 Jesu
753 3207 1096 3259 fidelissimus
1137 3222 1323 3257 servus
1363 3212 1417 3254 et
1457 3205 1661 3254 amicus
1703 3203 1748 3253 F
1752 3203 2018 3254 ranciscus
2059 3204 2151 3269 qui

233 3302 548 3354 Creatorem
578 3308 633 3350 et
663 3299 1001 3351 Salvatorem
1032 3313 1191 3346 suum
1219 3295 1349 3346 totis
1376 3293 1573 3360 quibus
1603 3300 1814 3359 poterat
1834 3292 2038 3342 nisibus
2060 3308 2155 3357 per

232 3410 288 3442 se
309 3399 363 3442 et
386 3409 477 3458 per
499 3391 633 3440 alios
659 3386 1040 3448 honorabatur,
1069 3385 1190 3435 ideo
1218 3384 1640 3451 gratiosissimus
1662 3391 1714 3433 et
1736 3382 2153 3448 benignissimus

232 3480 485 3533 Salvator
506 3487 689 3530 noster
711 3477 979 3527 Dominus
1001 3476 1156 3541 Jesus
1185 3474 1432 3526 Christus
1459 3471 1749 3522 honoranti
1771 3471 1941 3522 vicem
1964 3487 2152 3537 repen-

233 3570 398 3621 debat
426 3569 644 3620 honoris
685 3566 932 3618 faciendo
973 3566 1027 3615 in
1066 3564 1286 3615 beatum
1332 3563 1375 3613 F
1380 3563 1678 3612 ranciscum
1707 3578 1738 3611 a
1764 3561 2014 3611 creaturis
2041 3561 2152 3611 suis
