2449 3927
111 1796 176 1852 55

351 189 799 242 FORMERLY
841 189 923 240 IN
971 189 1135 240 THE
1179 190 1579 243 PHILLIPPS
1623 192 1970 243 LIBRARY
2052 206 2121 256 43

196 347 430 392 stantem
461 343 514 392 in
543 349 682 391 terra
723 350 777 391 et
818 348 1061 390 orantem
1103 358 1225 391 cum
1268 343 1508 392 maxima
1548 342 1857 393 devotione.
1940 343 2130 410 [Unde

195 437 249 479 et
277 429 455 481 dictus
484 430 681 481 nobilis
711 431 898 481 statim
929 428 1081 480 dedit
1109 448 1166 480 se
1195 430 1442 481 similiter
1469 432 1701 482 orationi
1731 430 1841 498 et]2
1865 433 2131 483 instanter

193 520 383 571 orabat
411 529 470 571 ut
498 520 567 570 ad
595 520 956 585 penitentiam
1001 519 1301 570 faciendam
1344 529 1398 571 et
1439 538 1623 571 secum
1654 522 1973 573 morandum
2003 539 2129 573 con-

193 609 382 660 cedere
422 610 746 676 dignaretur.
830 608 952 675 9116
993 611 1179 660 omnia
1219 610 1412 660 videns
1454 619 1672 661 sanctus
1715 611 2035 662 Franciscus
2075 621 2129 663 et

194 699 420 750 audiens
448 698 595 767 quod
623 717 698 760 ea,
727 716 834 765 que
874 699 992 763 ipse
1032 699 1301 764 cupiebat,
1330 700 1418 750 1116
1458 701 1697 766 petebat,
1728 709 1782 751 et
1811 700 2130 752 advertebat

193 790 343 859 quod
370 791 471 840 hec
498 798 612 840 tam
640 787 962 839 admiranda
993 790 1234 840 mutacio
1275 790 1417 840 facta
1460 798 1574 841 erat
1601 808 1632 840 a
1661 791 1890 841 Domini
1919 790 2129 853 dextra,

194 899 420 950 surgens
463 882 517 931 in
559 880 732 930 letitia
775 880 995 945 spiritus
1037 881 1144 930 ruit
1185 882 1240 931 in
1281 880 1483 932 devota
1521 881 1707 932 oscula
1747 890 1802 932 et
1843 882 2130 947 amplexus

195 973 354 1034 illius,
394 971 595 1037 gratias
637 977 692 1020 et
733 968 919 1019 laudes
959 968 1249 1021 Altissimo
1290 971 1522 1022 referens
1563 972 1655 1037 qui
1695 971 1862 1022 talem
1905 972 2131 1021 militem

195 1079 289 1113 sue
319 1061 510 1111 militie
531 1066 831 1125 agregaret.
918 1059 1070 1110 Inter
1109 1059 1209 1110 hec
1250 1069 1434 1110 autem
1462 1061 1545 1110 vir
1574 1061 1663 1110 ille
1691 1060 1937 1111 dicebat:
1984 1059 2133 1125 Quid

197 1170 298 1215 me,
328 1159 480 1218 pater
521 1157 721 1212 sancte,
748 1150 907 1215 jubes
949 1150 1160 1201 facere?
1242 1151 1385 1202 Ecce
1427 1154 1615 1202 omnia
1656 1159 1752 1202 tuo
1794 1152 2022 1217 imperio
2063 1150 2134 1201 do

197 1241 540 1309 pauperibu5‚
568 1248 623 1290 et
663 1248 843 1291 tecum
884 1248 1014 1306 post
1055 1240 1334 1292 Christum
1375 1249 1707 1292 exoneratus
1743 1240 2133 1306 temporalibus

196 1349 407 1384 currere
461 1348 581 1381 sum
638 1339 872 1396 paratus,
973 1331 1050 1382 Et
1098 1332 1172 1382 ita
1227 1331 1430 1382 factum
1485 1339 1566 1382 est
1619 1330 1768 1398 quod
1824 1331 2028 1381 meritis
2082 1338 2135 1381 et

195 1422 536 1474 orationibus
557 1422 727 1472 sancti
751 1422 1027 1472 Francisci
1057 1422 1147 1472 ille
1176 1430 1372 1472 cuncta
1401 1423 1675 1489 relinquit.
1757 1421 1832 1472 Et
1855 1421 2028 1472 factus
2052 1428 2134 1472 est

194 1513 356 1565 frater
384 1514 574 1574 minor,
605 1521 717 1563 tam
761 1512 998 1578 perfecte
1023 1514 1133 1564 vite
1162 1521 1216 1564 et
1244 1514 1677 1565 conversationis
1719 1513 1952 1564 honeste
1982 1513 2135 1563 meri-

195 1605 392 1671 toriam
435 1604 793 1670 penitentiam
835 1602 941 1653 fine
983 1602 1242 1654 laudabili
1283 1605 1699 1654 consummavit.
1786 1603 1880 1653 Ad
1919 1602 2135 1654 laudem

198 1693 414 1746 Christi.
498 1693 697 1745 Amen.

312 1785 369 1852 (f.
400 1784 522 1853 86v)
568 1784 816 1847 Qualiter
837 1793 1015 1834 sancto
1041 1785 1321 1836 Franczlrco
1333 1786 1466 1850 fuit·
1490 1786 1778 1835 revelatum
1807 1785 1947 1852 quod
1953 1788 2140 1848 frater
2152 1803 2304 1853 [Actus
2325 1800 2409 1850 72,]

197 1875 407 1941 Helyas
431 1874 642 1926 debebat
665 1884 966 1941 apostatare
992 1875 1057 1926 ab
1084 1876 1276 1927 ordine.

313 1964 456 2018 Cum
501 1974 667 2016 staret
707 1966 873 2017 frater
915 1966 1232 2018 Franciscus
1273 1975 1326 2017 et
1369 1967 1530 2017 frater
1574 1967 1784 2032 Helyas
1813 1968 1867 2017 in
1894 1965 2135 2032 quodam

198 2056 393 2107 locello
423 2055 493 2106 de
523 2056 740 2116 familia,
771 2057 870 2106 fuit
900 2056 1199 2107 revelatum
1242 2065 1432 2108 sancto
1468 2057 1755 2108 Francisco
1781 2055 1930 2123 quod
1958 2055 2135 2106 dictus

201 2146 361 2198 frater
390 2145 601 2213 Helyas
643 2155 758 2197 erat
800 2146 1131 2213 dampnatus
1160 2155 1213 2198 et
1241 2147 1475 2198 debebat
1515 2154 1825 2213 apostatare
1853 2146 1922 2197 ab
1951 2145 2138 2196 ordine

200 2243 255 2287 et
307 2244 468 2286 extra
521 2235 768 2286 ordinem
826 2238 992 2288 mori:
1055 2246 1277 2304 propter
1334 2237 1482 2304 quod
1545 2245 1765 2288 sanctus
1821 2236 2140 2287 Franciscus

200 2328 449 2393 concepit
476 2326 758 2394 quandam
800 2327 1204 2393 displicentiam
1250 2345 1379 2394 erga
1420 2328 1590 2390 illum,
1620 2328 1695 2378 ita
1736 2325 1885 2393 quod
1916 2326 2142 2377 nolebat

202 2433 387 2467 secum
415 2416 567 2482 loqui
596 2433 695 2467 nec
726 2418 1045 2468 conversari.
1129 2417 1204 2467 Et
1233 2419 1276 2467 si
1307 2418 1630 2483 contigisset
1671 2415 1966 2483 aliquando
1994 2414 2142 2482 quod

203 2505 366 2556 frater
389 2506 598 2572 Helyas
619 2524 808 2557 versus
838 2515 1088 2558 sanctum
1117 2507 1471 2558 Franciscum
1504 2509 1605 2558 iter
1625 2507 1896 2573 dirigeret,
1923 2515 2141 2556 sanctus

207 2594 525 2646 Franciscus
549 2613 645 2661 per
665 2597 828 2647 aliam
848 2598 992 2647 viam
1017 2597 1321 2648 divertebat
1350 2615 1419 2648 se.
1507 2595 1673 2663 Quod
1695 2613 1822 2647 cum
1849 2596 2142 2662 plurimum

206 2679 406 2731 factum
447 2690 602 2744 esset,
632 2683 865 2734 advertit
909 2683 1071 2734 frater
1113 2683 1324 2750 Helyas
1366 2683 1515 2750 quod
1557 2691 1777 2734 sanctus
1821 2683 2142 2733 Franciscus

208 2771 445 2836 aliquam
477 2770 879 2838 displicentiam
908 2773 976 2824 de
1005 2775 1126 2839 ipso
1161 2782 1500 2839 conceperat.
1588 2772 1751 2824 Unde
1790 2772 2027 2839 quadam
2056 2770 2145 2821 die

208 2860 464 2925 adjunxit
496 2878 553 2912 se
594 2871 783 2913 sancto
827 2864 1132 2926 Francisco‚
1173 2873 1227 2914 et
1267 2864 1624 2929 refugientem
1666 2863 1849 2913 curiali
1877 2862 2144 2912 violencia

208 2953 460 3013 retinens,
512 2955 724 3018 rogavit
773 2955 1038 3004 instanter
1091 2953 1240 3019 quod
1298 2955 1537 3019 placeret
1591 2953 1690 3003 sibi
1740 2952 2041 3019 significare
2090 2959 2144 3002 et

210 3038 483 3089 declarare
510 3038 730 3089 causam
761 3049 982 3105 propter
1009 3057 1172 3106 quam
1213 3040 1328 3105 ejus
1357 3040 1696 3090 consortium
1724 3047 1779 3089 et
1807 3038 2144 3104 colloquium

210 3127 470 3193 fugiebat.
568 3126 670 3178 Cui
700 3128 844 3178 dixit
884 3136 1104 3178 sanctus
1148 3129 1496 3179 Franciscus:
1546 3128 1690 3194 Quia
1732 3127 2032 3178 revelatum
2062 3135 2146 3177 est

212 3216 374 3267 michi
401 3216 552 3282 quod
592 3226 809 3282 propter
850 3226 1001 3268 tuam
1040 3218 1258 3284 culpam
1300 3218 1463 3268 debes
1503 3226 1812 3284 apostatare
1852 3216 1920 3267 ab
1963 3215 2148 3267 ordine

212 3314 267 3357 et
314 3314 472 3356 extra
521 3306 767 3356 ordinem
817 3308 967 3357 mori.
1051 3307 1125 3357 Et
1177 3308 1395 3373 insuper
1442 3307 1741 3357 revelatum
1787 3314 1869 3356 est
1912 3305 2072 3355 michi
2117 3322 2148 3355 a

214 3395 459 3446 Domino
501 3395 649 3462 quod
690 3403 751 3445 tu
794 3413 850 3446 es
900 3395 1243 3462 dampnatus,
1340 3395 1651 3462 Respondit
1693 3395 1855 3446 frater
1901 3395 2146 3460 Helyas:

766 3552 779 3575 1
798 3550 947 3590 Added
966 3552 1007 3590 in
1026 3552 1190 3603 margin
1213 3552 1254 3591 in
1277 3552 1451 3590 another
1471 3551 1598 3591 hand.

2154 1854 2340 1903 Fioretti,
2361 1857 2426 1906 38.
