2449 3927
230 199 296 259 38
363 192 893 245 DESCRIPTION
920 192 1021 244 OF
1043 193 1096 244 A
1121 191 1619 245 FRANCISCAN
1645 193 2149 248 MANUSCRIPT

225 347 351 397 tatis
378 344 521 395 dixit
548 343 616 394 ad
653 360 810 394 eum:
851 344 1054 395 Venias
1082 344 1150 395 ad
1194 361 1280 394 me
1320 331 1390 394 ad
1431 345 1706 412 civitatem
1750 345 2055 397 Rachaneti
2097 349 2149 398 in

223 436 317 487 tali
345 434 434 485 die
460 441 514 484 et
541 450 645 499 ego
672 440 727 483 te
767 432 954 483 faciam
984 435 1158 499 recipi.
1244 433 1502 484 Debebat
1535 434 1681 484 enim
1722 441 1850 484 tunc
1892 435 2148 486 celebrari

221 524 532 591 capitulum.

334 614 555 680 Juvenis
582 630 711 663 vero
739 620 799 663 ut
827 621 939 663 erat
967 613 1286 678 purissimus
1326 613 1588 679 cognovit
1616 613 1733 680 (sic)
1775 614 1829 663 in
1859 614 2021 665 corde
2049 632 2148 665 suo

223 706 439 758 dicens:
482 705 602 756 Hec
643 705 742 755 erit
775 704 867 754 illa
909 721 1108 771 magna
1148 706 1234 755 via
1276 704 1440 755 michi
1483 705 1738 767 revelata,
1766 723 1932 772 quam
1974 706 2148 758 debeo

222 798 393 849 facere
420 805 473 847 et
501 804 692 862 postea
721 794 790 845 ad
830 795 1004 845 celum
1033 796 1121 847 ire.
1206 795 1313 845 Ivit
1354 836 1363 846 .
1409 836 1419 846 .
1465 836 1474 846 .
1517 812 1654 846 eum.
1738 796 1927 846 Frater
1965 805 2148 848 autem

220 887 495 953 johannes
522 893 580 936 ut
608 885 712 935 hoc
738 884 947 935 audivit
983 884 1306 935 desideravit
1347 885 1440 946 ire,
1469 885 1715 951 cogitans
1756 886 1810 935 in
1853 885 2014 936 corde
2054 903 2150 937 suo

220 976 368 1045 quod
397 977 535 1027 forte
575 976 666 1025 illa
705 983 821 1025 erat
860 975 949 1025 via
991 991 1188 1041 magna
1227 992 1392 1041 quam
1435 974 1672 1026 debebat
1714 975 1904 1037 facere,
1933 975 2028 1027 sed
2058 995 2152 1043 pre

220 1065 543 1118 verecundia
575 1064 926 1115 erubescebat
953 1065 1110 1116 alicui
1152 1064 1340 1116 dicere.
1424 1064 1533 1116 Sed
1575 1064 1853 1116 confidens
1893 1067 1946 1116 in
1989 1066 2151 1117 fratre

220 1156 472 1221 Philippo
499 1155 591 1221 qui
621 1171 745 1205 eum
775 1154 972 1205 fecerat
1000 1155 1163 1220 recipi
1187 1155 1427 1220 perrexit
1455 1154 1524 1205 ad
1566 1171 1690 1205 eum
1730 1154 1946 1207 dicens:
1989 1156 2151 1222 Rogo

219 1254 286 1308 te,
320 1253 489 1311 pater,
518 1244 666 1311 quod
695 1245 940 1310 acquiras
970 1244 1132 1295 michi
1160 1246 1320 1295 istam
1361 1245 1613 1311 gratiam,
1642 1244 1792 1311 quod
1834 1246 2037 1311 possim
2079 1247 2154 1296 ire

219 1337 273 1386 in
303 1336 637 1402 provinciam
681 1334 964 1385 Provincie
1003 1334 1072 1385 ad
1115 1333 1454 1385 morandum.
1536 1333 1753 1385 Fratres
1796 1343 1978 1386 autem
2020 1345 2150 1386 tunc

217 1427 476 1492 temporis
515 1424 782 1491 optabant
822 1423 891 1475 ad
933 1425 1234 1490 provincias
1274 1431 1565 1475 extraneas
1607 1441 1847 1490 pergere,
1876 1432 1934 1475 ut
1974 1433 2154 1479 essent

220 1516 487 1582 peregrini
536 1523 591 1566 et
630 1515 838 1566 advene
879 1516 933 1565 in
974 1515 1077 1565 hoc
1119 1515 1299 1566 seculo
1341 1521 1395 1566 et
1437 1515 1580 1565 cives
1622 1523 1933 1566 sanctorum
1974 1523 2028 1566 et
2056 1514 2152 1566 do-

222 1608 430 1658 mestici
479 1607 586 1658 Dei
634 1607 688 1657 in
736 1606 871 1658 celo,
953 1604 1005 1677 (§
1060 1607 1179 1674 10):
1223 1606 1416 1657 Frater
1456 1614 1640 1656 autem
1684 1606 1983 1672 Philippus,
2025 1648 2035 1657 .
2083 1647 2093 1658 .
2137 1647 2145 1656 .

222 1698 414 1749 celum.

333 1784 383 1856 (ξ
432 1789 556 1856 ΙΙ);
600 1787 764 1839 Stetit
805 1795 988 1838 autem
1030 1787 1084 1838 in
1125 1786 1270 1837 dicta
1313 1786 1591 1852 provincia
1633 1785 1920 1836 Provincie
1959 1786 2151 1853 viginti

218 1880 460 1946 quinque
505 1879 680 1940 anniS‚
724 1878 910 1928 vivens
958 1877 1013 1927 in
1053 1877 1354 1941 exemplari
1382 1883 1436 1926 et
1479 1876 1722 1926 maxima
1764 1877 2069 1938 sanctitate,
2100 1883 2154 1926 et

220 1969 372 2020 omni
401 1967 488 2019 die
528 1968 777 2035 sperabat
806 1967 906 2017 sibi
947 1965 1230 2033 adimpleri
1260 1966 1602 2032 promissum.
1686 1965 1829 2017 Cum
1871 1972 2055 2016 autem
2097 1966 2151 2016 in

222 2060 370 2110 omni
413 2075 625 2109 morum
663 2058 952 2108 honestate
993 2065 1048 2108 et
1091 2056 1329 2107 culmine
1371 2056 1676 2106 sanctitatis
1717 2063 2074 2117 excresceret,
2103 2063 2155 2106 et

222 2159 363 2202 esset
403 2167 555 2202 carus
596 2158 650 2200 et
690 2149 919 2199 dilectus
960 2149 1016 2198 in
1055 2156 1171 2198 tota
1213 2148 1303 2198 illa
1346 2147 1625 2213 provincia
1667 2155 1782 2197 tam
1829 2165 1860 2197 a
1902 2145 2153 2198 fratribus

222 2257 388 2308 quam
431 2258 462 2290 a
503 2239 847 2301 secularibus
877 2237 1204 2289 desiderium
1246 2246 1432 2288 tamen
1474 2253 1632 2287 suum
1675 2236 1897 2287 minime
1936 2252 2153 2286 cernere

224 2331 507 2397 adimpleri
550 2331 747 2397 potuit.

298 2418 375 2491 (ξ
414 2422 531 2488 13):
574 2419 829 2487 Quadam
860 2419 949 2470 die
988 2459 998 2470 .
1042 2460 1051 2469 .
1096 2460 1105 2469 .
1154 2418 1336 2469 anima
1366 2417 1497 2482 ejus
1580 2415 1632 2487 (ξ
1676 2418 1796 2484 14):
1838 2416 1912 2466 Et
1940 2416 2084 2466 dixit
2106 2415 2154 2466 ei

225 2511 504 2564 Christus:
550 2512 649 2561 Fili
692 2511 856 2562 frater
895 2509 1191 2575 JohanneS,
1221 2515 1348 2574 pete
1389 2525 1419 2558 a
1461 2524 1547 2558 me
1573 2507 1719 2573 quod
1746 2507 1841 2558 viS.
1925 2505 2035 2572 Qui
2079 2523 2155 2556 re-

225 2602 477 2669 spondit:
527 2602 766 2653 Domine
808 2601 898 2663 mi,
939 2601 1121 2650 nescio
1163 2597 1298 2665 quid
1339 2597 1536 2659 dicam,
1578 2597 1707 2663 quia
1754 2596 1886 2647 nolo
1935 2597 2036 2647 nisi
2086 2605 2157 2659 te,

227 2693 322 2744 sed
362 2693 464 2743 hoc
506 2693 684 2743 solum
727 2709 862 2760 rogo
887 2698 946 2742 ut
975 2707 1161 2756 parcas
1203 2688 1368 2739 michi
1400 2688 1586 2738 omnia
1616 2695 1836 2753 peccata
1866 2704 1986 2737 mea
2028 2728 2037 2738 .
2087 2729 2096 2738 .
2142 2727 2151 2737 .

227 2785 282 2833 in
312 2783 556 2834 Domino
584 2783 826 2834 totaliter
853 2781 1201 2832 confortatus

339 2870 391 2942 (ξ
429 2874 548 2941 16>ε
588 2872 836 2923 Tandem
876 2871 1066 2922 fratres
1108 2869 1175 2920 de
1205 2868 1446 2920 Marchia
1488 2866 1773 2919 audientes
1815 2867 2014 2917 famam
2043 2866 2157 2931 ejus

230 2960 472 3010 fecerunt
501 2976 623 3010 cum
651 2959 889 3025 generali
930 3001 939 3011 .
986 2998 995 3008 .
1040 2997 1050 3007 .
1096 2972 1319 3022 pergam
1348 2954 1418 3005 ad
1448 2954 1645 3005 Deum.

341 3046 392 3119 (ξ
431 3051 549 3117 Ι7);
591 3049 860 3099 Reversus
887 3055 1070 3098 autem
1099 3046 1167 3096 ad
1191 3045 1539 3113 provinciam,
1568 3062 1599 3095 a
1629 3043 1778 3094 nullo
1801 3043 2160 3108 consanguin-

230 3157 417 3191 eorum
463 3156 684 3190 suorum
726 3139 828 3189 fuit
869 3138 1190 3203 recognitus
1320 3135 1447 3201 Ipse
1491 3151 1619 3185 vero
1673 3132 2003 3200 expectabat
2051 3131 2157 3181 Dei

234 3228 652 3280 misericordiam
700 3237 754 3279 et
801 3227 1218 3295 promissionem
1274 3225 1377 3275 sibi
1425 3225 1624 3275 factam
1668 3222 1942 3288 compleri.
2052 3220 2160 3272 Sed

232 3318 406 3369 adhuc
452 3319 540 3369 via
585 3320 698 3370 eius
745 3318 1069 3384 prolongata
1110 3324 1206 3378 est,
1249 3332 1378 3366 nam
1428 3316 1581 3365 stetit
1621 3314 1758 3364 bene
1796 3329 1891 3379 per
1934 3311 2161 3377 triginta

235 3425 407 3458 annos
435 3417 559 3474 post
587 3409 947 3458 reversionem
977 3408 1031 3457 in
1063 3405 1306 3456 Marchia
1334 3413 1388 3455 et
1417 3406 1471 3454 in
1514 3405 1633 3469 ipso
1674 3410 1920 3468 tempore
1948 3398 2162 3466 guardi-

237 3498 325 3548 ani
354 3497 589 3548 officium
631 3498 838 3560 habuit,
865 3504 920 3548 et
960 3503 1216 3562 operatus
1256 3502 1339 3545 est
1378 3494 1651 3544 Dominus
1692 3491 1863 3542 multa
1904 3488 2163 3541 miracula

238 3604 330 3653 per
357 3604 480 3637 eum
510 3596 564 3638 et
591 3587 783 3638 habuit
810 3589 948 3638 inter
975 3587 1078 3637 alia
1108 3586 1279 3636 multa
1308 3584 1452 3635 dona
1480 3584 1729 3650 spiritum
1760 3581 2056 3648 prophetie.
