2449 3927
228 188 296 251 36
355 185 882 238 DESCRIPTION
907 184 1006 237 OF
1028 184 1081 234 A
1105 181 1608 234 FRANCISCAN
1635 180 2144 233 MANUSCRIPT

224 338 438 399 tillaret,
480 354 701 387 omnem
756 337 896 386 illius
952 335 1327 401 temptationis
1380 335 1690 399 angustiam
1745 331 2036 393 auferebat,
2094 340 2149 382 et

223 427 325 477 hoc
365 443 670 492 pannorum
711 427 962 491 repetitio
1003 433 1057 475 et
1097 424 1474 489 temptationis
1516 423 1723 490 fugatio
1770 422 1968 487 pluries
2009 420 2150 472 facta

224 524 317 566 est.
414 515 555 567 Cum
597 524 779 566 autem
823 513 1060 581 quadam
1109 521 1268 563 nocte
1309 513 1687 578 temptationis
1727 511 1987 561 violentia
2028 511 2150 576 plus

222 606 385 656 solito
414 613 738 671 perurgeret,
768 605 863 654 ivit
895 603 987 653 ille
1014 603 1083 653 ad
1113 602 1332 652 fratrem
1363 601 1665 668 Symonem
1695 610 1748 651 et
1777 602 1881 651 ait:
1926 600 2149 650 Penitus

225 695 354 745 mihi
396 711 606 761 pannos
647 695 883 755 restitue,
921 693 1048 759 quia
1089 692 1239 741 nullo
1277 690 1442 741 modo
1471 691 1704 756 amplius
1733 706 1957 755 possum
1987 697 2147 740 stare.

226 785 351 850 Ipse
378 791 558 835 autem
587 784 707 849 pius
737 790 888 848 pater
915 781 1072 831 valde
1100 782 1178 830 illi
1207 782 1545 845 compatiens
1574 780 1751 833 dixit:
1791 779 1949 840 Veni,
1979 778 2065 840 fili,
2095 787 2148 829 et

223 873 351 924 sede
382 874 779 939 aliquantulum
811 888 1035 922 mecum.
1119 869 1228 936 Qui
1258 869 1517 920 accedens
1547 878 1694 921 totus
1723 869 2066 935 angustiatus
2095 876 2149 919 et

206 957 416 1015 *sedens
452 965 618 1028 juxta
660 964 878 1013 fratrem
921 961 1222 1027 Symonem
1261 968 1424 1026 caput
1453 977 1611 1010 suum
1642 962 1697 1010 in
1727 968 1944 1025 pectore
1973 959 2148 1009 fratris

222 1053 483 1120 Symonis
531 1053 822 1102 reclinavit.
929 1051 1116 1101 Frater
1161 1058 1345 1100 autem
1401 1029 1629 1115 Symon‚
1677 1049 1837 1100 valde
1883 1048 1960 1098 illi
2002 1065 2148 1098 com-

222 1145 450 1209 patienS,
493 1142 718 1192 elevatis
767 1140 934 1191 oculis
982 1141 1036 1190 in
1084 1140 1277 1200 celum,
1319 1156 1480 1189 orans
1527 1138 1878 1190 devotissime
1923 1149 1976 1190 et
2023 1155 2147 1189 cum

218 1232 601 1298 compassione
642 1247 739 1296 pro
782 1231 992 1295 juvene,
1044 1238 1230 1295 raptus
1278 1229 1379 1279 fuit
1419 1229 1488 1278 ad
1528 1229 1710 1279 Deum
1752 1237 1807 1279 et
1846 1230 2012 1279 etiam
2055 1246 2148 1279 ex-

217 1322 448 1373 auditus,
534 1322 604 1372 Et
646 1321 775 1371 dum
817 1339 847 1371 a
889 1328 1046 1386 raptu
1089 1320 1251 1370 frater
1294 1318 1503 1385 Symon
1553 1318 1765 1380 rediret,
1801 1319 2016 1383 juvenis
2058 1318 2148 1368 ille

219 1431 249 1464 a
265 1413 626 1478 temptatione
649 1429 744 1465 sua
765 1411 863 1461 fuit
886 1410 1125 1461 totaliter
1149 1410 1404 1460 liberatus
1426 1426 1488 1459 ac
1511 1410 1553 1458 si
1576 1425 1855 1474 nunquam
1875 1410 2148 1470 sensisset,

218 1511 284 1565 et,
314 1502 503 1552 ardore
530 1501 700 1551 noxio
728 1501 784 1550 in
825 1499 1072 1550 ardorem
1117 1499 1302 1551 Sancti
1346 1498 1577 1564 Spiritus
1619 1506 1970 1560 commutat0‚
1998 1506 2149 1549 totus

218 1591 440 1643 ardebat
481 1592 536 1642 in
578 1591 779 1653 Deum,
820 1608 884 1641 eo
927 1589 1078 1657 quod
1119 1588 1313 1640 ardens
1355 1589 1527 1654 ignito
1570 1587 1805 1649 carboni,
1851 1588 1957 1639 scil.
2001 1588 2147 1638 fratri

221 1681 471 1748 Symoni,
519 1690 669 1732 totus
724 1681 912 1731 extitit
966 1681 1018 1730 in
1075 1679 1317 1730 Domino
1372 1695 1703 1730 reaccensus,
1809 1677 1973 1730 Unde
2019 1686 2149 1729 tunc

218 1773 494 1838 tempori5‚
523 1789 647 1822 cum
687 1778 877 1837 captus
917 1778 1059 1821 esset
1100 1769 1322 1836 quidam
1366 1768 1657 1830 malefiCUS‚
1686 1768 1836 1832 cujus
1877 1768 2150 1819 debebant

221 1863 382 1913 ambo
409 1862 549 1913 oculi
577 1863 701 1923 erui,
730 1861 995 1912 audactus
1025 1860 1143 1928 [sic]
1171 1860 1346 1910 dictus
1371 1860 1584 1925 juvenis
1613 1860 1665 1909 in
1697 1858 1903 1909 fervore
1932 1859 2150 1925 spiritus

220 1951 289 2002 ad
317 1960 579 2002 rectorem
602 1951 827 2001 accessit
854 1952 908 2000 in
939 1951 1101 2016 pleno
1133 1949 1359 2000 consilio
1387 1958 1440 1999 et
1469 1965 1591 1999 cum
1625 1948 1808 1999 multis
1837 1948 2068 1999 lacrimis
2098 1958 2152 2000 et

220 2042 468 2108 precibus
498 2042 654 2108 petiit
680 2049 740 2091 ut
769 2040 868 2091 sibi
896 2040 1038 2091 hanc
1077 2041 1308 2106 gratiam
1352 2039 1562 2100 faceret,
1590 2037 1740 2104 quod
1782 2055 1922 2088 unus
1962 2038 2150 2088 oculus

221 2132 597 2183 extraheretur
625 2131 725 2182 sibi
755 2138 809 2181 et
836 2131 971 2181 alius
1014 2137 1314 2180 remaneret
1356 2129 1470 2179 sibi‘
1559 2128 1644 2179 Illi
1686 2135 1869 2179 autem
1902 2127 2150 2179 videntes

216 2223 429 2287 juvenis
492 2223 754 2287 pietatem
820 2229 875 2271 et
942 2219 1389 2270 ferventissimam
1450 2219 1731 2268 caritatem
1793 2226 2149 2283 pepercerant

223 2313 447 2378 utrique.
532 2310 783 2361 Predicto
837 2311 1055 2376 insuper
1107 2309 1252 2359 fratri
1297 2308 1541 2375 Symoni,
1592 2306 1723 2358 dum
1777 2305 2015 2373 quadam
2063 2306 2151 2358 die

224 2409 392 2452 staret
415 2402 468 2451 in
492 2401 626 2452 silva
648 2409 703 2451 et
724 2400 949 2451 sentiret
971 2399 1269 2449 maximam
1294 2399 1620 2448 suavitatem
1649 2396 1717 2447 de
1745 2397 2003 2458 DominO,
2024 2415 2151 2447 aves

222 2509 328 2558 que
367 2491 549 2557 gaulle
587 2497 849 2541 vocantur
889 2506 983 2555 pre
1023 2505 1237 2539 rumore
1279 2489 1522 2539 maximo
1565 2495 1618 2538 et
1660 2486 1889 2537 stridore
1926 2486 2151 2552 impedi-

227 2589 471 2632 mentum
502 2581 806 2631 maximum
835 2578 1239 2645 impendebant,
1283 2579 1375 2644 qui
1418 2578 1471 2627 in
1499 2578 1724 2628 nornine
1752 2576 1881 2641 Jesu
1910 2578 2151 2643 precepit

226 2670 429 2722 eisdem
451 2669 599 2736 quod
628 2670 752 2720 illuc
773 2670 998 2720 ulterius
1027 2685 1141 2719 non
1168 2668 1430 2718 venirent.
1513 2667 1760 2717 Mirabile
1789 2666 2005 2728 dictum,
2029 2683 2151 2717 cum

227 2761 375 2811 locus
405 2760 494 2811 ille
535 2759 795 2811 Bruforsii
837 2759 1104 2809 Fermane
1145 2756 1391 2808 custodie
1431 2757 1671 2807 stetisset
1709 2756 1850 2806 ultra
1891 2756 1920 2807 l.
1961 2773 2148 2818 ann05‚

227 2866 504 2917 nunquam
544 2850 681 2900 tales
720 2866 847 2899 aves
887 2849 1001 2899 vise
1039 2848 1123 2898 vel
1164 2846 1347 2898 audite
1388 2853 1514 2897 sunt
1555 2847 1608 2896 in
1650 2853 1768 2897 toto
1798 2845 1899 2896 loci
1927 2847 2151 2896 circum-

227 2941 432 2991 stancia
485 2939 569 2990 vel
625 2939 848 2990 circuitu
901 2946 954 2988 et
1009 2936 1251 3003 undique
1298 2955 1329 2987 a
1374 2937 1610 2987 remotis,
1716 2936 1790 2986 Et
1843 2952 1945 3002 ego
1991 2936 2152 2986 frater

231 3029 545 3096 Hugolinus
574 3028 643 3079 de
673 3029 865 3079 Monte
895 3018 1092 3079 Sancte
1122 3027 1296 3077 Marie
1324 3028 1450 3077 steti
1480 3026 1686 3077 ibidem
1714 3026 1886 3076 tribus
1914 3026 2067 3076 annis
2096 3033 2149 3075 et

225 3102 810 3170 vidi'certitudinaliter
850 3117 1054 3167 dictum
1097 3116 1411 3166 miraculum
1452 3124 1644 3166 notum
1673 3123 1792 3166 tam
1822 3114 2149 3165 secularibus

225 3224 387 3274 quam
419 3208 671 3257 fratribus
701 3207 869 3257 totius
911 3204 1196 3256 custodie.1
1277 3205 1369 3256 Ad
1400 3205 1618 3256 laudem
1649 3204 1864 3256 Christi.
1949 3203 2141 3254 Amen.

138 3311 210 3360 49
342 3297 394 3363 (f.
432 3298 550 3364 82V)
596 3296 843 3359 Qualiter
859 3297 1037 3358 frater
1060 3295 1336 3362 johannes
1371 3296 1432 3346 de
1459 3295 1841 3359 Alvernafuz't
1865 3302 2049 3359 raptus
2088 3294 2145 3343 in
2166 3304 2298 3343 Actus
2317 3313 2384 3352 51·

227 3386 408 3450 abysso
446 3387 764 3437 dz'vz'nz‘tatzk.

333 3510 558 3562 1Nothing
577 3511 817 3562 equivalent
847 3518 892 3549 to
920 3510 994 3549 the
1022 3511 1166 3549 clause
1197 3514 1207 3531 ‘
1224 3524 1320 3550 cum
1349 3510 1469 3549 locus
1499 3511 1735 3550 ille—ultra
1764 3510 1791 3548 1.
1822 3509 1987 3556 annos,’
2007 3521 2082 3548 nor
2104 3516 2146 3547 to

227 3579 297 3617 the
317 3580 399 3617 last
419 3586 618 3618 sentence
640 3578 674 3616 is
694 3578 828 3618 found
847 3578 979 3617 either
1000 3578 1042 3616 in
1063 3579 1134 3617 the
1157 3578 1311 3618 Chron.
1334 3578 1445 3616 XXI
1455 3579 1503 3618 V.
1528 3578 1631 3616 Gen.
1653 3589 1699 3616 or
1720 3577 1762 3615 in
1783 3577 1852 3616 the
1872 3576 2060 3616 Fioretti.
