2449 3927
388 165 824 227 FORMERL'Y
868 174 949 224 IN
994 174 1156 225 THE
1199 174 1597 226 PHILLIPPS
1642 173 1991 225 LIBRARY
2086 187 2150 237 23

151 325 214 374 16
347 326 405 393 (f.
444 327 563 394 66v)
609 326 865 389 Qualiter.
909 369 919 380 .
967 366 977 376 .
1022 324 1054 376 .1
2174 337 2305 376 Actus
2326 346 2395 385 ²4·

348 416 583 483 Quidam
626 433 757 482 puer
785 417 838 465 in
882 415 1099 465 civitate
1147 415 1372 466 Senensi
1400 415 1546 480 cepit
1587 431 1844 480 magnam
1884 422 2154 465 turturum

234 508 596 572 quantitatem
636 536 782 543 —--——
823 513 877 555 et
919 506 993 555 ita
1035 505 1168 555 fuit:
1209 521 1335 556 nam
1378 505 1514 554 sicut
1556 503 1608 555 S.
1646 503 1966 554 Franciscus
1994 503 2151 566 dixit,

235 595 398 646 duxit
425 596 570 646 enim
597 595 768 645 vitam
811 595 864 644 in
905 593 1093 644 ordine
1124 594 1417 644 maioribus
1445 593 1819 659 exemplarem
1849 601 1902 643 et
1926 594 2156 644 multum

234 685 575 747 laudabilem,
617 686 691 734 ita
745 682 898 749 quod
930 692 1148 734 sanctus
1198 683 1517 734 Franciscus
1558 699 1672 732 non
1713 682 1894 732 solum
1935 683 2158 733 aviculis

234 777 343 826 vite
383 774 575 825 solatia
617 772 712 824 sed
754 774 921 823 etiam
964 773 1086 823 Deo
1132 773 1317 838 juveni
1358 772 1605 838 predicto
1658 772 1858 822 celeste
1912 772 2158 822 bravium

235 864 555 930 impetravit.
643 862 734 912 Ad
764 861 983 912 laudem
1013 862 1138 927 Jesu
1169 861 1386 913 Christi.
1471 861 1669 916 Amen,

317 997 339 1053 ,ξ
367 1008 390 1037 2
414 1010 422 1037 ε
460 1008 544 1037 om.
570 1001 615 1036 et
639 994 699 1036 ad
733 993 938 1036 aviculas
974 992 1241 1037 mirabiliter
1260 992 1586 1049 compassivus.
1655 994 1678 1052 ξ
1706 1004 1759 1034 2:
1797 992 1896 1034 illas
1920 990 2158 1047 aspiciens.

231 1079 379 1115 motus
411 1069 578 1126 pietate
610 1067 673 1113 ait
692 1086 702 1122 3
737 1069 782 1126 (ᾗ
807 1071 852 1125 3)
893 1070 933 1112 O
957 1070 1078 1112 bone
1107 1068 1296 1125 juveniS,
1321 1083 1436 1124 rogo
1469 1077 1513 1111 te
1549 1077 1596 1111 ut
1628 1069 1712 1111 has
1746 1081 1864 1111 aves.
1934 1071 1956 1128 g
1993 1079 2052 1120 4:
2088 1082 2160 1112 om

227 1161 387 1193 omnes
408 1147 509 1190 ancl
530 1153 738 1189 turtures.
806 1146 827 1202 g
858 1157 878 1201 5
900 1161 907 1188 :
945 1161 1067 1189 nunc
1092 1154 1248 1189 autem
1273 1146 1380 1203 (for
1396 1145 1478 1188 sed
1512 1147 1647 1201 ego):
1684 1144 1817 1187 nidos
1844 1145 1952 1201 (for
1967 1143 2162 1200 nidum).

233 1224 255 1282 ξ
293 1235 346 1276 7;
383 1222 573 1265 dederat
611 1223 719 1280 (sor
751 1221 932 1279 dedit);
969 1237 1052 1265 om.
1098 1221 1262 1265 Minor.
1350 1222 1438 1280 [Cf.
1480 1222 1605 1264 Fz'or.
1647 1220 1739 1279 22.]

149 1349 209 1400 17
344 1338 396 1405 (f.
428 1339 547 1404 66⁹)
592 1337 835 1400 Qualiter
872 1338 1110 1389 demones
1149 1339 1259 1388 visi
1279 1346 1406 1388 sunt
1417 1348 1521 1403 per
1543 1346 1785 1388 sanctum
1813 1337 2155 1388 Franciscum
2177 1346 2309 1384 Actus
2333 1345 2399 1383 26.

230 1429 284 1478 in
313 1430 414 1478 loco
442 1428 794 1491 Portz'uncule,
828 1437 911 1481 etc,

345 1519 484 1571 Cum
516 1527 735 1570 sanctus
757 1527 944 1569 noster
966 1527 1118 1585 pater
1148 1519 1466 1569 Franciscus
1494 1548 1637 1556 —-—-
1670 1517 1805 1569 Ovis
1826 1534 1955 1568 vero
1977 1524 2162 1583 erepta

231 1608 299 1660 de
325 1609 577 1661 manibus
606 1609 780 1660 bestie
820 1609 1134 1670 truculente,
1169 1617 1490 1675 protegente
1532 1608 1654 1658 Deo
1698 1616 1751 1659 et
1793 1608 1882 1674 pio
1925 1616 2162 1673 pastore,

230 1700 391 1749 frater
417 1700 506 1750 ille
534 1692 735 1766 gratias
763 1699 966 1761 retulit,
995 1708 1049 1750 et
1078 1716 1200 1750 cum
1218 1698 1433 1765 ,gaudio
1462 1698 1531 1749 ad
1571 1699 1742 1749 sancti
1784 1698 1965 1765 gregis
2002 1697 2161 1747 colle-

228 1789 378 1855 gium
428 1789 656 1849 rediens,
708 1788 903 1839 doctus
958 1788 1213 1855 deinceps
1255 1797 1367 1838 tam
1424 1789 1566 1839 mala
1594 1789 1768 1838 vitare
1809 1787 2059 1854 pericula,
2106 1787 2162 1836 in

228 1879 375 1930 bona
403 1880 690 1931 sanctitate
717 1880 933 1944 quievit.
1013 1878 1106 1929 Ad
1134 1878 1352 1930 laudem
1383 1879 1511 1943 Jesu
1540 1877 1756 1930 Christi.
1842 1876 2041 1928 Amen.

341 2012 364 2070 g
395 2022 410 2051 1
436 2024 444 2051 t
470 2024 554 2052 om.
581 2017 629 2052 ut
651 2008 737 2051 sibi
761 2007 897 2052 moris
920 2017 1029 2052 erat.
1067 2012 1089 2068 g
1117 2021 1140 2050 2
1162 2023 1170 2051 ε
1197 2008 1335 2052 frater
1355 2007 1433 2064 qui
1458 2008 1723 2050 morabatur
1744 2006 1833 2050 illic
1866 2021 1948 2062 per
1980 2006 2094 2050 iram
2118 2014 2164 2049 et

225 2084 554 2140 impatientiam
571 2084 737 2128 viciose
755 2099 942 2140 guerras
969 2085 1077 2143 (for
1087 2085 1145 2128 de
1168 2083 1748 2140 fratribus—commotus);
1780 2084 1965 2127 fratrem
1988 2082 2165 2126 socium

231 2161 408 2219 (forde
427 2160 576 2217 sociis)
599 2177 610 2213 ;
634 2160 837 2204 veritatis
860 2163 966 2219 (for
978 2161 1173 2218 virtutis>
1193 2177 1204 2214 3
1236 2160 1506 2205 demonibus
1532 2161 1866 2219 (sordiabolo).
1935 2160 1957 2217 ἕ
1983 2172 2039 2213 4;
2076 2175 2164 2204 om.

226 2245 446 2292 tanquam
467 2236 672 2280 vinctum
696 2236 850 2281 victor.
919 2239 941 2295 ξ
972 2248 992 2293 5
1015 2252 1023 2280 :
1050 2245 1200 2281 cetum
1227 2238 1336 2295 (for
1353 2240 1544 2293 curam).

345 2313 412 2372 Cf.
437 2313 550 2357 MS.
582 2313 692 2357 Can.
716 2314 871 2369 Mz'sc.‚
903 2324 1002 2369 525,
1029 2314 1056 2357 f.
1086 2315 1192 2368 58V:
1229 2314 1322 2356 and
1345 2314 1471 2357 [Τίον.
1498 2326 1568 2369 23.

148 2442 210 2490 18
341 2432 437 2502 (18
467 2433 500 2484 f.
544 2434 658 2501 67¹)
704 2434 950 2496 Qualiter
983 2442 1197 2484 sanctus
1235 2434 1524 2483 Francz‘sus
1562 2433 1815 2483 convertit
1854 2433 2046 2483 multos
2090 2432 2166 2482 ad
2180 2452 2315 2491 Actus
2337 2460 2403 2500 27,

212 2523 380 2590 fidem
410 2525 548 2573 inter
569 2543 694 2591 quos
730 2525 981 2575 convertit
1009 2525 1308 2576 soldanum
1340 2524 1545 2589 [postea
1560 2524 1683 2590 per]
1702 2522 1720 2551 2
1749 2523 1964 2573 nuncios
2005 2523 2164 2573 illum

230 2613 514 2679 baptizans.

343 2702 655 2754 Franciscus
697 2706 1069 2755 sanctissimus
1112 2713 1269 2770 pater
1308 2713 1495 2755 noster
1535 2704 1652 2754 zelo
1694 2702 1818 2753 fidei
1863 2711 1916 2753 et
1957 2703 2165 2753 fervore

230 2793 453 2842 martirii
500 2794 745 2844 imitatus
789 2795 906 2862 (sic)
948 2812 1074 2845 cum
1117 2794 1415 2846 duodecim
1460 2795 1618 2844 sociis
1661 2795 1772 2845 suis
1807 2793 2163 2844 sanctissimis

229 2882 507 2931 —meritis
536 2884 708 2933 sancti
739 2886 905 2948 patris
939 2885 1224 2935 Francisci.
1310 2883 1402 2934 Ad
1425 2883 1642 2934 laudem
1667 2883 1881 2935 Christi.
1959 2881 2156 2939 Amen.

354 3011 569 3053 Varz'ants
626 3012 648 3068 g
674 3025 698 3066 3
725 3027 732 3054 :
768 3027 852 3068 per
875 3013 1128 3068 ingressum
1151 3013 1268 3069 ignis
1296 3015 1399 3072 (for
1429 3027 1509 3069 per
1539 3012 1726 3068 ignem),
1795 3015 1846 3072 ἐξ
1866 3024 2004 3067 9-10:
2044 3013 2172 3054 Inter

231 3101 348 3142 quos
371 3086 510 3141 elegit
534 3101 639 3129 cum
663 3087 786 3131 socio
810 3103 894 3131 suo
927 3097 1107 3144 partem
1140 3104 1310 3132 unam:
1347 3089 1425 3145 qui
1461 3103 1564 3131 cum
1597 3087 1805 3131 venirent
1839 3088 1898 3130 ad
1930 3088 2165 3142 quoddam

233 3162 485 3218 hospitium
507 3162 584 3205 ubi
607 3166 957 3219 pernoctabant,
982 3164 1154 3209 invenit
1176 3165 1237 3208 ibi
1260 3166 1511 3220 quamdam
1536 3164 1772 3207 mulierem
1795 3165 2000 3219 pulcram
2023 3178 2166 3219 quan-

235 3248 332 3282 tum
357 3240 416 3283 ad
438 3238 604 3282 faciem
629 3241 711 3282 sed
736 3241 1042 3296 turpissimam
1068 3250 1235 3297 mente,
1259 3256 1349 3297 que
1372 3240 1617 3284 maledicta
1639 3249 1848 3284 sanctum
1872 3240 2167 3283 Franciscum

235 3316 295 3359 de
330 3323 436 3359 actu
470 3315 736 3371 turpissimo
769 3316 1015 3372 requisivit.
1083 3317 1174 3372 Qui
1210 3318 1273 3361 ait
1306 3317 1399 3361 illi:
1436 3319 1640 3373 Accepto
1673 3318 1797 3373 quod
1830 3315 1971 3359 dicis:
2007 3331 2165 3360 eamus

235 3406 346 3447 ergo
368 3392 427 3435 ad
452 3393 632 3435 lectum.
701 3393 967 3448 Pergamus,
993 3393 1106 3437 dixit
1126 3394 1204 3438 illa
1228 3396 1336 3453 (for
1352 3408 1471 3450 quae
1493 3393 1644 3450 ipsum
1665 3394 1722 3438 de
1745 3401 1849 3437 actu
1871 3392 2166 3437 nefario——

451 3562 466 3587 1
488 3563 580 3602 The
600 3569 686 3602 rest
707 3564 754 3602 of
769 3564 841 3603 the
861 3564 997 3604 rubric
1018 3565 1053 3603 is
1075 3565 1233 3604 erased.
1435 3566 1451 3590 2
1466 3565 1561 3604 MS.
1585 3566 1706 3604 reads
1728 3522 1858 3616 pzint’
1877 3565 1945 3617 (ἲ).
