2411 3927
311 190 749 244 FORMERLY
791 189 871 240 IN
914 188 1078 240 THE
1120 185 1523 238 PHILLIPPS
1568 183 1918 236 LIBRARY
2004 197 2099 234 101

297 343 555 410 Quodam
585 350 835 408 tempore
855 357 977 391 cum
1007 340 1106 390 iret
1133 338 1181 390 b.
1211 337 1529 388 Franciscus
1559 353 1654 403 per
1680 335 1958 402 quandam
1987 351 2110 401 pro-

179 435 411 485 vinciam
468 430 797 499 predicando
850 428 1046 480 accidit
1100 436 1159 479 ut
1212 427 1457 478 obviaret
1509 425 1724 477 cuidam
1780 424 2110 492 pauperculo

180 525 402 584 homini,
460 530 514 574 et
566 521 696 572 dum
744 519 1111 571 consideraret
1158 534 1418 584 magnam
1465 517 1580 582 ejus
1621 523 1999 583 paupertatem
2037 543 2109 551 --

184 615 475 681 pauperior
517 629 615 663 me.

297 717 441 773 (Text
458 715 810 773 approxz'mates
832 718 878 756 to
899 713 1183 769 Lemmens.)

62 833 162 884 193
303 808 350 872 (f.
416 822 434 859 1
451 808 565 874 32³⁷)
611 805 855 869 Qualiter
903 804 943 855 b.
997 804 1312 854 Franczlrcns
1364 801 1566 852 invenit
1607 801 1868 868 quendam
1891 808 2117 866 pauper·
2131 795 2375 900 ἱέῗωὲῗῠὲἓῗν

182 898 400 949 culum.1
2134 901 2258 948 Pers„
2279 900 2363 951 37).

301 988 444 1040 Cum
471 987 520 1038 b.
555 987 876 1037 Franciscus
904 985 1090 1035 ivisset
1130 982 1197 1034 ad
1242 981 1522 1049 quoddam
1563 981 1973 1031 heremitorium
2016 979 2117 1030 fra-

186 1086 329 1128 trum
379 1093 553 1143 prope
601 1076 842 1127 Roccam
890 1074 1063 1125 Bricci
1111 1074 1400 1127 occasione
1445 1069 1760 1138 predicandi
1806 1068 2117 1120 hominibus

185 1168 329 1218 illius
360 1167 656 1232 provincie,
685 1164 884 1217 accidit
913 1165 967 1214 in
996 1163 1088 1215 illa
1115 1162 1203 1213 die
1231 1180 1338 1229 qua
1359 1161 1594 1213 debebat
1614 1159 1814 1212 ibidem
1839 1158 2119 1226 predicare
2410 1172 2411 1207 1

186 1255 336 1324 quod
377 1255 604 1324 quidam
646 1255 817 1306 homo
859 1253 1221 1321 pauperculus
1262 1260 1316 1303 et
1357 1252 1667 1303 infirmitius
1707 1251 1855 1301 venit
1882 1248 1948 1300 ad
1979 1265 2115 1300 eum.

187 1347 258 1398 Et
285 1363 407 1397 cum
434 1345 642 1397 videret
671 1346 850 1412 ipsum
878 1346 1022 1412 cepit
1049 1343 1394 1396 considerare
1414 1350 1793 1409 paupertatem
1820 1348 1875 1391 et
1897 1338 2119 1391 infirmi-

185 1444 357 1488 tatem
385 1436 516 1501 ejuS,
551 1437 626 1487 ita
655 1435 804 1503 quod
834 1443 1018 1486 motus
1047 1435 1249 1501 pietate
1277 1433 1345 1484 de
1372 1439 1694 1500 paupertate
1720 1439 1773 1482 et
1807 1430 2121 1482 infirmitate

184 1526 330 1577 illius
371 1526 516 1592 cepit
562 1525 741 1576 dicere
786 1525 1039 1577 consocio
1086 1542 1184 1575 suo
1234 1523 1303 1574 de
1350 1523 1598 1575 nuditate
1635 1553 1707 1559 ——
1748 1539 1884 1588 quas
1925 1521 1981 1571 in
2023 1537 2120 1571 suo

185 1633 413 1682 corpore
460 1615 681 1682 pertulit
733 1632 832 1681 pro
879 1615 1182 1666 salvatione
1225 1614 1449 1665 humani
1496 1613 1724 1679 generis

295 1716 440 1771 (Text
457 1717 806 1773 approximat&
828 1721 873 1759 lo
895 1717 1154 1770 Lmnmens,
1179 1719 1341 1772 except
1359 1719 1411 1757 at
1430 1715 1505 1758 the
1526 1714 1812 1772 beginning.)

65 1824 168 1875 194
302 1808 354 1875 (f.
422 1810 571 1876 132V)
623 1808 869 1871 Qualiter
916 1807 1135 1875 quidam
1173 1808 1365 1872 frater
1413 1806 1578 1857 exivit
1626 1806 1688 1856 de
1740 1803 1984 1873 relzgrz‘one
2034 1786 2411 1871 quilLCeLiiw]

171 1898 383 1962 fecerat
425 1896 736 1949 scandalum
766 1898 956 1962 fratri
993 1916 1101 1950 suo,

303 1987 560 2054 Quodam
603 1996 853 2054 ternpore
893 1987 1116 2054 quidam
1158 1987 1322 2038 frater
1364 2003 1527 2054 quern
1559 1985 1609 2039 S.
1657 1985 1979 2036 Franciscus
2008 1982 2126 2034 dili-

187 2077 352 2144 gebat
381 2095 582 2146 magno
611 2077 824 2140 affectu,
854 2095 978 2129 cum
1018 2078 1227 2128 veniret
1268 2075 1337 2127 de
1365 2076 1535 2128 Terra
1565 2075 1800 2127 Laboris
1841 2091 1965 2125 cum
1995 2090 2126 2140 quo-

188 2167 316 2218 dam
365 2168 530 2219 fratre
577 2169 669 2235 qui
717 2169 995 2235 antiquior
1041 2185 1105 2218 eo
1149 2175 1265 2218 erat
1312 2168 1366 2218 in
1416 2166 1687 2232 religione,
1732 2164 1930 2216 accidit
1971 2171 2030 2214 ut
2071 2164 2127 2215 in

190 2257 385 2307 itinere
414 2258 532 2324 ipso
561 2258 724 2308 frater
755 2257 841 2308 ille
867 2259 960 2324 qui
1002 2265 1118 2308 erat
1159 2257 1436 2323 antiquior
1476 2256 1585 2306 alio
1612 2256 1666 2306 in
1702 2255 1963 2321 religione
1993 2254 2127 2305 mul-

189 2347 392 2397 totiens
435 2347 757 2399 movebatur
799 2348 852 2397 in
896 2346 1217 2398 scandalum
1257 2354 1450 2397 contra
1491 2345 1711 2395 fratrem
1741 2361 1898 2395 suum
1927 2344 2129 2409 injuste

189 2444 244 2487 et
286 2438 403 2487 sine
443 2438 628 2505 aliqua
669 2439 829 2504 culpa
871 2439 1052 2489 fratris
1094 2438 1192 2489 sui.
1273 2436 1383 2503 Qui
1412 2437 1597 2487 omnia
1638 2436 1908 2502 patienter
1949 2434 2129 2484 toller-

190 2527 331 2578 abat.
416 2527 667 2595 Cumque
707 2528 873 2580 ambo
914 2529 1163 2579 venirent
1204 2527 1273 2578 ad
1315 2526 1596 2595 quendam
1638 2526 1818 2577 locum
1860 2525 1953 2576 ubi
2000 2532 2129 2574 tunc

191 2623 306 2665 erat
347 2615 395 2667 b.
444 2617 768 2668 Franciscus
811 2616 1073 2680 infirmus,
1106 2617 1196 2667 ille
1224 2617 1404 2679 frater,
1434 2617 1562 2683 quia
1602 2622 1717 2666 erat
1759 2614 2038 2665 familiaris
2079 2613 2127 2666 b.

193 2703 500 2768 Francisc0,
527 2707 751 2757 intravit
779 2707 1074 2773 adipsum,
1106 2715 1160 2758 et
1201 2707 1341 2757 inter
1380 2706 1484 2756 alia
1524 2705 1690 2756 verba
1731 2721 1838 2771 que
1877 2703 2022 2754 dixit
2062 2704 2125 2765 ei,

190 2794 238 2844 b.
276 2794 321 2844 F
325 2797 599 2846 ranciscus
629 2796 698 2847 de
724 2797 827 2848 hoc
849 2815 1070 2864 quoque
1090 2798 1451 2863 interrogavit
1472 2813 1596 2846 eum
1619 2794 1803 2846 dicens
1829 2814 1838 2845 :
1882 2793 2130 2860 Qualiter

192 2903 320 2952 erga
349 2894 403 2937 te
456 2889 635 2938 socius
674 2896 808 2958 tuus
852 2890 906 2940 in
947 2891 1140 2941 itinere
1185 2907 1242 2940 se
1286 2889 1515 2940 habuit?
1607 2888 1682 2938 Et
1721 2885 2002 2953 respondit
2050 2886 2129 2935 ei:

193 2975 366 3036 Pater,
394 2975 544 3028 bene.
630 2976 731 3028 Ait
758 2980 806 3029 ei
838 2978 884 3030 b.
917 2979 1267 3030 Franciscus:
1311 2978 1420 3030 Sed
1447 2996 1580 3029 cave
1607 2977 1704 3027 tibi
1734 2994 1802 3027 ne
1830 2975 1930 3027 sub
1952 2975 2130 3042 specie

191 3065 512 3116 humilitatis
542 3069 833 3119 mentiaris,
919 3068 1043 3120 Scio
1073 3070 1216 3119 enim
1244 3069 1478 3135 qualiter
1519 3085 1575 3118 se
1613 3060 1863 3117 habuerit
1891 3066 2029 3116 circa
2057 3072 2124 3116 te.

194 3155 268 3205 Et
298 3155 590 3221 plurimum
621 3157 846 3208 miratus
887 3165 970 3208 est
1010 3158 1138 3209 inde
1178 3159 1269 3209 ille
1312 3158 1485 3220 frater,
1513 3155 1794 3224 quomodo
1829 3173 1924 3221 per
1965 3154 2130 3221 Spiri-

191 3251 309 3294 tum
341 3244 602 3296 Sanctum
630 3247 908 3311 cognovit,
935 3264 1000 3297 eo
1029 3247 1178 3313 quod
1205 3264 1303 3298 nec
1325 3247 1373 3298 ei
1401 3264 1500 3298 nec
1542 3246 1701 3296 alicui
1743 3245 1969 3295 dixerat.
2055 3243 2130 3294 Et

193 3333 396 3384 factum
437 3342 518 3384 est
559 3343 749 3400 postea
789 3353 901 3386 non
945 3345 1068 3402 post
1110 3337 1310 3387 multos
1352 3336 1467 3387 dies
1509 3336 1682 3386 exivit
1724 3335 1885 3385 frater
1925 3333 2016 3384 ille
2061 3333 2130 3383 de

197 3423 457 3490 religione
498 3425 592 3490 qui
640 3424 836 3475 fecerat
882 3425 1200 3476 scandalum
1251 3426 1399 3476 fratri
1448 3443 1560 3477 suo,

816 3566 830 3590 ¹
846 3566 915 3619 Cf.
939 3567 1010 3606 fol.
1036 3578 1137 3617 107v
1160 3569 1246 3619 (no.
1269 3568 1336 3618 97)
1358 3567 1505 3606 above.
