2449 3927
312 184 751 239 FORMERLY
793 184 873 235 IN
918 183 1080 234 THE
1121 179 1524 232 PHILLIPPS
1571 176 1922 230 LIBRARY
2010 186 2105 240 105

184 336 387 394 predicte
410 333 743 380 annuntiationi
766 332 901 377 venie
925 330 1189 388 supradicte
1212 331 1330 374 facte
1356 343 1437 385 per
1471 330 1515 372 b.
1545 326 1840 371 Franciscum
1863 335 1908 369 et
1931 332 2111 381 septem

186 412 424 469 episcopos
446 411 722 456 nominatos.

60 543 158 581 201
299 520 353 587 (f.
394 534 412 570 1
429 520 545 585 36V)
592 514 972 567 Testimonium
983 512 1190 577 fifatrzk·
1217 510 1494 562 Benedicti.
2131 512 2338 607 {enedict
2349 513 2411 606 gf

2101 597 2111 607 .
2130 600 2144 607 -
2171 578 2317 614 rezz03
2387 578 2449 606 ar-

300 610 422 677 Ego
453 609 613 659 frater
640 605 965 657 Benedictus
993 602 1060 653 de
1088 601 1284 653 Aretio
1311 601 1403 667 qui
1432 600 1563 651 olim
1593 599 1667 649 fui
1696 632 1764 638 —-
1786 598 1887 648 hoc
1928 597 2113 662 scripsi
2128 623 2248 670 tholi,
2270 635 2310 673 p.
2331 621 2432 661 xliv.

185 708 238 751 et
267 700 550 767 publicavi.

58 810 163 848 202
298 790 351 857 (f.
391 803 409 840 1
425 790 535 856 37¹)
575 787 660 837 De
686 783 975 836 testimonio
986 782 1198 848 fratris
1222 780 1412 832 Leonis

299 879 489 930 Frater
541 877 657 927 Leo
711 875 889 926 socius
942 873 992 924 b.
1051 872 1338 932 Francisci‚
1393 871 1759 935 interrogatus
1806 886 1837 918 a
1885 866 2114 917 domino

181 968 389 1034 Jacobo
425 967 493 1019 de
535 966 755 1018 Perusio
797 972 980 1015 utrum
1023 961 1361 1028 indulgentia
1401 977 1506 1026 que
1547 966 1630 1010 est
1671 959 1724 1009 in
1765 956 2117 1008 Portiuncula

182 1066 324 1110 esset
363 1075 502 1120 vera,
546 1054 828 1122 respondit
867 1052 1017 1120 quod
1059 1053 1144 1114 sie,
1191 1058 1244 1102 et
1284 1050 1433 1117 quod
1476 1050 1526 1101 b.
1572 1048 1893 1099 Franciscus
1934 1046 2119 1096 retulit

182 1149 284 1199 sibi
327 1149 380 1198 in
423 1147 522 1198 hec
563 1146 756 1207 verba3
810 1143 958 1210 quod
1006 1143 1124 1210 ipse
1169 1142 1310 1208 petit
1350 1158 1381 1190 a
1422 1156 1565 1206 papa
1608 1136 1756 1205 quod
1806 1137 2005 1187 faceret
2045 1136 2118 1186 ibi

181 1238 576 1304 indulgentiam
618 1237 672 1286 in
719 1234 1088 1285 anniversario
1133 1231 1553 1285 consecrationis
1600 1228 1835 1290 ecclesie,
1884 1234 1937 1278 et
1978 1244 2118 1293 papa

180 1326 475 1394 respondit,
525 1333 794 1392 quantum
840 1323 1017 1375 vellet.
1100 1322 1175 1372 Et
1220 1320 1364 1372 dixit
1412 1337 1554 1387 papa
1600 1318 1669 1370 de
1717 1335 1825 1368 uno
1871 1334 2016 1368 anno
2062 1323 2117 1367 et

181 1417 251 1469 de
271 1417 459 1480 tribus,
491 1424 547 1467 et
573 1423 840 1466 venerunt
866 1430 1039 1480 usque
1066 1411 1135 1463 ad
1165 1420 1395 1477 septem.
1475 1409 1550 1460 Et
1577 1409 1629 1460 b.
1661 1408 1982 1459 Franciscus
2005 1423 2115 1457 non

179 1516 294 1560 erat
316 1514 618 1561 contentus,
703 1506 777 1557 Et
801 1504 944 1555 dixit
967 1521 1106 1571 papa
1128 1509 1394 1569 quantum
1415 1500 1592 1554 vellet.
1677 1498 1784 1565 Qui
1807 1495 2116 1563 respondit:

179 1598 327 1651 Volo
358 1598 401 1648 si
429 1597 619 1664 placet,
648 1602 832 1646 sancte
859 1602 1023 1661 pater,
1053 1601 1274 1660 propter
1302 1589 1563 1642 beneficia
1591 1606 1697 1656 que
1727 1587 1878 1638 Deus
1907 1588 2033 1638 fecit
2061 1587 2115 1637 in

180 1689 301 1739 loco
348 1687 441 1738 illo
488 1686 881 1753 indulgentiam
929 1684 1179 1735 omnium
1228 1689 1570 1749 peccatorum
1616 1687 1676 1730 ut
1723 1695 1834 1728 non
1883 1676 2115 1738 babeam

179 1778 391 1845 brigam
420 1777 657 1843 aliquam
699 1775 933 1826 ulterius,
1021 1774 1095 1824 Et
1136 1790 1277 1839 papa
1317 1768 1628 1837 respondit:
1676 1766 1933 1820 Concedo
1962 1767 2113 1834 quod

179 1868 255 1919 ita
284 1869 371 1919 sit.
454 1867 530 1917 Et
559 1864 857 1917 cardinales
899 1863 1157 1914 dixerunt
1198 1879 1338 1929 pape
1376 1859 1525 1927 quod
1567 1866 1841 1910 revocaret
1876 1874 2012 1919 eam,
2045 1874 2110 1908 eo

179 1959 329 2026 quod
359 1966 502 2009 esset
530 1959 584 2008 in
614 1956 972 2024 prejudicium
1013 1955 1180 2006 Terre
1222 1953 1436 2005 Sancte.
1522 1951 1597 2002 Et
1629 1967 1770 2017 papa
1800 1947 2112 2015 respondit:

182 2048 355 2099 Nullo
378 2047 544 2099 modo
565 2046 830 2098 revocabo
853 2053 1147 2112 postquam
1169 2044 1403 2110 promisi.
1483 2042 1557 2092 Et
1586 2040 1875 2091 dixerunt:
1912 2037 2114 2090 Artate

179 2155 299 2190 earn
340 2146 612 2205 quantum
655 2137 897 2203 potestis
982 2135 1057 2185 Et
1098 2151 1238 2201 papa
1278 2132 1422 2183 dixit
1460 2130 1610 2198 quod
1650 2138 1867 2181 tantum
1907 2128 2112 2179 valeret

181 2245 275 2294 per
302 2244 472 2280 unum
503 2227 649 2278 diem
673 2235 728 2278 et
757 2243 852 2293 per
881 2242 1048 2276 unam
1071 2231 1306 2285 noctem,
1326 2223 1412 2274 vel
1440 2240 1471 2272 a
1497 2238 1722 2287 vespere
1747 2218 1817 2270 ad
1839 2236 2103 2284 vesperas,

181 2321 257 2370 Et
277 2337 400 2371 cum
427 2320 634 2370 exisset
662 2319 709 2373 b.
739 2318 1059 2369 Franciscus
1087 2324 1142 2367 et
1169 2315 1284 2383 (sic)
1314 2331 1457 2381 papa
1484 2312 1654 2381 [post]
1681 2311 2112 2362 concessionemt

180 2409 384 2461 audivit
421 2426 614 2461 vocem
656 2408 929 2459 dicentem
972 2407 1103 2458 sibi:
1146 2406 1444 2464 Francisce,
1490 2403 1625 2454 scias
1666 2400 1818 2468 quod
1858 2402 1996 2451 sicut
2023 2400 2109 2450 hic

180 2501 295 2569 (sic)
336 2501 676 2568 indulgentia
715 2499 847 2551 data
888 2507 968 2550 est
1007 2498 1105 2549 tibi
1153 2498 1209 2547 in
1253 2505 1407 2557 terra,
1455 2496 1529 2545 ita
1570 2492 1886 2544 confirmata
1929 2499 2012 2541 est
2052 2491 2107 2540 in

180 2591 309 2643 ceIO.
392 2591 465 2641 Et
487 2590 629 2641 dixit
650 2591 697 2644 b.
726 2590 1044 2643 Franciscus
1072 2588 1220 2639 fratri
1242 2586 1447 2637 Leoni:
1485 2584 1698 2635 Teneas
1720 2589 1981 2636 secretum
2003 2580 2107 2630 hoc

184 2696 357 2746 usque
402 2681 539 2731 circa
588 2688 822 2730 mortem
872 2676 1085 2740 meam,l
1139 2677 1268 2743 quia
1322 2691 1431 2726 non
1472 2673 1635 2724 habet
1676 2672 1856 2722 locum
1898 2669 2106 2733 adhuc;

180 2785 307 2819 nam
367 2769 466 2820 hec
519 2769 858 2835 indulgentia
917 2767 986 2818 ad
1046 2776 1264 2832 tempus
1323 2763 1684 2816 occultabitur
1738 2760 1835 2812 sed
1894 2779 1925 2810 a
1982 2760 2105 2810 Deo

182 2858 627 2913 manifestabitur.
712 2857 960 2910 Predicta
999 2856 1321 2908 audiverunt
1349 2874 1380 2906 a
1408 2854 1636 2905 domino
1677 2851 1881 2918 Jacobo
1922 2867 2107 2916 supra-

183 2946 331 2998 dicto
371 2965 535 3014 supra
576 2948 739 2999 frater
787 2947 1033 3014 Angelus
1081 2947 1326 2996 minister
1379 2943 1659 3011 provincie
1714 2941 1766 2995 S.
1815 2940 2103 3001 Francisci,

181 3037 343 3087 frater
397 3036 463 3091 D.
521 3037 718 3089 Custos
771 3037 1073 3098 PerusinuS,
1132 3036 1293 3086 frater
1346 3032 1596 3100 Angelus
1650 3032 1825 3085 socius
1878 3028 2107 3095 predicti

181 3128 412 3178 ministri
447 3141 511 3190 14
539 3127 662 3180 Kal.
696 3126 843 3193 Sept.
878 3128 932 3176 in
962 3127 1083 3177 loco
1112 3127 1243 3176 olim
1273 3125 1446 3175 fratris
1476 3122 1672 3189 Egidii.

53 3244 123 3281 20
132 3244 158 3294 3
293 3217 346 3283 (f.
387 3230 405 3266 Ι
422 3230 448 3281 3
457 3217 530 3283 7r)
571 3216 704 3266 Item
733 3215 1087 3266 testiinonium
1127 3216 1188 3265 de
1214 3215 1398 3265 eodem.
2121 3206 2327 3270 partholi,
2349 3219 2389 3258 P·

295 3305 495 3358 Coram
517 3305 678 3355 fratre
705 3303 925 3371 Angelo
955 3305 1202 3354 ministro
1231 3303 1506 3369 provincie
1535 3300 1587 3354 S.
1625 3299 1914 3360 Francisci,
1943 3298 2103 3348 fratre
2117 3264 2187 3304 hv.

179 3394 487 3457 BoruffanO,
531 3394 694 3445 fratre
735 3393 999 3455 Guidone,
1045 3394 1207 3443 fratre
1247 3391 1638 3442 Bartholomeo
1680 3388 1748 3438 de
1790 3389 2009 3438 Perusio
2050 3395 2103 3437 et

2131 852 2335 901 Bar-tholi,
2357 865 2427 904 pp.

2127 907 2282 947 lii.-liii.

835 3555 850 3579 1
866 3554 1069 3602 Bartholi‚
1091 3568 1131 3606 p.
1154 3554 1229 3602 lii.,
1253 3557 1279 3576 “
1294 3562 1412 3593 tuam
1427 3553 1466 3592 '’.
