2449 3927
253 184 318 233 28
377 178 894 232 DESCRIPTION
928 177 1102 230 OFA
1126 176 1629 229 FRANCISCAN
1665 175 2174 228 MANUSCRIPT

162 347 189 398 3
205 349 222 384 Ι
361 334 414 400 (f.
446 334 563 400 74V)
609 331 853 395 Qualiter
881 328 1124 381 Christus
1135 329 1259 392 fuit
1283 329 1482 379 locutus
1491 327 1679 391 fratri
1702 327 1778 376 M
1775 343 1933 377 assae.
2189 342 2323 380 Actus
2344 354 2409 391 41.

360 423 446 473 Illi
488 423 619 473 socii
662 422 830 487 patris
879 420 1021 470 beati
1064 419 1109 468 F
1115 419 1337 469 rancisci
1385 419 1478 485 qui
1519 417 1586 468 de
1629 417 1785 467 rebus
1826 414 1937 467 non
1977 416 2171 468 divites

248 512 343 563 sed
371 513 548 563 solum
577 511 645 562 de
674 511 795 562 Deo
824 510 1019 561 divites
1046 516 1199 559 erant
1225 525 1335 558 non
1378 508 1669 575 sperabant
1710 509 1764 557 in
1803 524 1935 558 auro
1975 505 2172 558 divites

247 603 357 654 fieri
398 603 484 654 vel
526 610 771 669 argentO,
803 599 897 651 sed
946 618 1069 651 cum
1118 600 1478 652 sollicitudine
1519 598 1779 664 petebant
1826 597 1937 647 fieri
1979 596 2174 647 divites

245 693 539 743 virtutibus
586 692 781 758 quibus
836 689 907 740 ad
954 698 1168 742 eternas
1215 690 1427 741 divitias
1471 688 1794 756 pervenitur.
1838 715 1984 724 -—---
2027 685 2174 753 quod

247 785 481 834 varietur
519 799 718 833 versus
826 779 918 830 Ad
961 780 1178 831 laudem
1222 779 1437 832 Christi.
1521 778 1714 829 Amen.

361 902 383 959 ξ
411 912 435 954 3
457 913 465 941 z
492 898 536 941 in
554 895 873 941 carismatibus
892 895 1054 939 divinis
1080 894 1188 954 (for
1199 895 1244 939 in
1263 895 1395 939 dictis
1412 894 1578 951 donis).
1632 893 1654 950 5
1676 906 1703 947 4
1723 909 1731 936 z
1753 894 2010 936 adverteret
2028 891 2176 948 ipsam

242 975 547 1019 humilitatem
570 989 671 1018 esse
694 974 961 1017 thesaurum
992 972 1083 1016 vite
1106 981 1259 1016 eterne
1291 980 1419 1015 tanto
1450 971 1617 1015 exarsit
1638 984 1794 1014 amore
1817 970 1876 1013 ad
1908 969 2176 1012 habendum

245 1052 364 1096 dicte
396 1049 660 1094 humilitatis
692 1050 951 1104 exemplum
983 1057 1028 1092 et
1060 1048 1279 1091 virtutum
1313 1049 1414 1103 (sic)
1446 1045 1610 1089 divinis
1645 1044 1931 1101 amplexibus
1965 1043 2174 1100 dignissi-

244 1143 382 1171 mam.
451 1128 472 1185 5
498 1138 517 1183 5
541 1141 549 1169 :
575 1125 782 1169 astrinxit
799 1124 1068 1169 firmissimo.
1137 1125 1158 1182 5
1178 1126 1205 1167 6
1226 1139 1234 1167 ε
1256 1125 1492 1167 mactabat
1509 1124 1619 1181 (for
1632 1122 1892 1179 affligebat).
1960 1125 1982 1182 5
2005 1132 2029 1174 7
2052 1136 2060 1164 :
2086 1122 2185 1164 add

243 1204 436 1247 florebat
458 1202 534 1259 qui
556 1203 682 1260 aster
697 1201 950 1245 virtutibus.
1008 1200 1030 1258 5
1056 1215 1082 1258 9
1104 1216 1112 1244 :
1140 1200 1231 1255 Qui
1250 1214 1330 1257 per
1349 1199 1555 1256 spiritum
1575 1198 1806 1243 Christum
1830 1212 2175 1254 recognoscens.

246 1280 335 1339 [Cf.
361 1280 503 1333 Fior„
531 1279 623 1337 32.]

160 1414 226 1466 32
360 1393 410 1459 (f.
461 1394 579 1459 74V)
624 1391 871 1454 Qualiter
912 1399 1095 1441 sancta
1141 1388 1305 1441 Clara
1333 1389 1459 1452 fuit
1490 1396 1708 1453 portata
1760 1388 1815 1437 in
1869 1387 2062 1453 spiritu
2119 1387 2173 1436 in
2191 1399 2320 1438 Actus
2340 1411 2405 1448 42·

247 1491 386 1533 nocte
427 1481 734 1533 nativilai‘zk
784 1479 829 1532 C
826 1479 1005 1531 bristi.

358 1573 498 1625 Cum
540 1571 892 1623 devotissima
921 1571 1121 1623 Christi
1164 1587 1360 1637 sponsa
1389 1570 1547 1622 Clara
1574 1570 1810 1635 graviter
1851 1570 1905 1619 in
1946 1585 2174 1635 corpore

246 1663 458 1714 infirma
505 1671 648 1713 esset
694 1661 764 1712 ad
819 1660 1083 1713 Sanctum
1141 1661 1479 1711 Damianum
1535 1676 1749 1710 moram
1804 1658 2053 1719 traheret,
2105 1656 2174 1708 ad

245 1751 553 1818 psallendas
623 1752 784 1803 horas
823 1782 894 1789 -—-
937 1753 990 1802 in
1064 1750 1267 1803 Sancto
1351 1751 1640 1800 Francisco
1721 1749 1953 1801 interfui.
2080 1747 2175 1798 Ad

246 1842 462 1893 laudem
504 1842 716 1894 Christi.
822 1841 1022 1892 Amen.

359 1959 381 2016 5
407 1971 431 2001 2
454 1973 462 2001 :
490 1957 752 2001 Nativitatis
773 1956 1100 2015 (forDomini)
1123 1957 1197 2015 [cf.
1224 1958 1365 2012 Fior„
1393 1970 1417 2012 3
1427 1957 1485 2015 5].
1556 1956 1578 2014 5
1600 1969 1627 2010 4
1646 1971 1655 1999 ε
1674 1956 1765 2000 Sed
1782 1955 2008 1999 Dominus
2025 1962 2179 1999 noster

243 2036 376 2090 Jesus
400 2034 606 2077 Christus
640 2034 802 2076 nolens
835 2048 967 2076 suam
1001 2047 1218 2089 sponsam
1252 2032 1423 2076 scilicet
1455 2034 1576 2076 hanc
1609 2031 1808 2076 desolari
1842 2067 1851 2075 .
1888 2067 1896 2075 .
1932 2066 1941 2076 .
1976 2030 2021 2074 in
2054 2030 2177 2074 omni

245 2109 532 2154 solemnitate
562 2110 751 2153 fratrum
783 2109 945 2153 festiva
978 2108 1138 2165 spiritu
1171 2117 1433 2164 presentem
1468 2109 1641 2152 adesse.
1729 2108 1833 2168 56:
1869 2107 2064 2151 Venisse
2097 2120 2178 2150 seu

244 2185 381 2229 fuisse
405 2187 511 2242 (for
528 2189 660 2242 esse).
732 2187 753 2243 5
782 2197 805 2238 7
827 2200 835 2228 ε
861 2193 906 2229 et
928 2184 1166 2229 devotiora
1187 2184 1391 2228 extitisus
1410 2186 1465 2242 (ἒ)
1488 2199 1627 2241 quam
1643 2198 1725 2228 vos
1742 2198 1829 2240 ego
1847 2183 1908 2227 fui
1926 2184 2175 2227 consolata.

159 2322 224 2374 33
358 2304 409 2370 (f.
442 2316 472 2367 7
483 2306 552 2371 5¹)
599 2303 843 2366 Qualiter
877 2312 1065 2354 sancta
1098 2303 1262 2356 Clara
1302 2305 1679 2355 miraculosam
1718 2320 1915 2355 crucem
1943 2302 2177 2369 panibus
2192 2312 2323 2351 Actus
2345 2321 2409 2361 43·

246 2394 524 2460 impressit.

361 2484 562 2536 Sancta
609 2484 767 2536 Clara
814 2483 1165 2534 devotissima
1205 2514 1275 2522 --
1320 2484 1727 2540 transmittebat
1769 2491 1829 2534 ut
1877 2500 1969 2534 eos
2019 2484 2177 2549 signo

244 2576 413 2626 crucis
454 2591 619 2640 quam
666 2572 830 2624 corde
875 2573 1170 2625 credebant
1218 2573 1636 2625 benedicerent:
1684 2580 1956 2640 quotquot
1997 2574 2175 2639 signa-

244 2665 442 2716 bantur
481 2671 564 2715 tot
605 2662 841 2714 remedia
876 2664 1254 2730 apportabant.
1337 2663 1430 2714 Ad
1458 2663 1676 2714 laudem
1705 2671 1759 2714 et
1787 2663 2018 2730 gloriam
2047 2662 2175 2728 Jesu

249 2754 467 2807 Christi.
545 2753 741 2804 Amen.

364 2871 386 2928 5
427 2882 476 2912 1:
515 2869 595 2913 sed
626 2867 764 2912 etiam
799 2883 1018 2912 summus.
1090 2868 1112 2925 5
1150 2882 1207 2912 2:
1245 2883 1334 2925 que
1369 2868 1618 2912 sacrarium
1650 2868 1887 2925 quoddam
1922 2870 2026 2925 (om.
2051 2870 2179 2925 erat).

250 2944 273 3002 5
300 2957 354 3000 3:
393 2945 601 3000 Utroque
635 2977 644 2986 .
681 2977 689 2986 .
727 2976 736 2986 .
774 2951 996 2987 tractante
1031 2977 1039 2985 .
1075 2977 1084 2985 .
1123 2977 1131 2985 .
1170 2943 1355 2999 cupiens
1381 2957 1546 2999 panem
1568 2957 1800 2987 reservare
1835 2977 1843 2986 .
1875 2976 1884 2986 .
1921 2976 1930 2985 .
1964 2941 2178 2987 benedic-

248 3028 356 3064 tum.
425 3020 447 3075 5
486 3032 540 3073 4:
581 3019 679 3062 add
711 3019 844 3062 Clara
876 3020 1000 3077 after
1032 3027 1218 3063 sancta:
1261 3028 1309 3063 ut
1340 3033 1482 3075 panes
1513 3019 1559 3062 in
1590 3033 1752 3063 mensa
1784 3018 1955 3075 positos
1989 3052 1998 3061 .
2038 3051 2047 3061 .
2084 3051 2094 3061 .
2131 3026 2177 3062 et

250 3109 386 3151 super
417 3109 497 3138 eos
530 3110 710 3139 crucem
747 3094 914 3138 Christi
947 3094 1173 3139 benedicti
1212 3095 1366 3139 facias.
1435 3097 1457 3155 5
1495 3096 1551 3138 8:
1588 3109 1670 3149 pro
1701 3093 1921 3138 miraculo
1958 3095 2068 3152 (for
2099 3107 2179 3150 per

249 3171 545 3228 miraculum).
615 3175 717 3232 59:
757 3172 1063 3215 Morabantur
1092 3180 1245 3215 autem
1281 3206 1290 3215 .
1327 3205 1337 3214 .
1373 3207 1381 3216 .
1416 3185 1545 3215 soror
1570 3171 1795 3214 Ortulana
1812 3178 1958 3214 mater
1981 3171 2026 3214 S.
2049 3170 2178 3214 Clare

250 3256 295 3291 et
319 3262 446 3292 soror
467 3249 625 3303 Agnes
650 3247 744 3291 eius
767 3261 999 3302 germana.

166 3395 233 3446 34
362 3373 415 3439 (f.
448 3385 477 3436 7
489 3375 564 3441 5V)
592 3374 677 3424 De
703 3373 945 3424 mirabili
969 3374 1258 3424 reverentia
1270 3374 1426 3437 facta
1454 3373 1510 3424 in
1537 3373 1681 3423 corde
1701 3372 1883 3439 patris
1909 3370 2103 3439 Egidii
2124 3378 2175 3422 et
2187 3381 2321 3422 Actus
2344 3380 2408 3428 46.
2439 3406 2445 3416 .

249 3463 419 3512 sancti
441 3463 691 3513 Lodovici
716 3464 853 3531 regis
880 3463 1116 3514 Francie.

365 3552 507 3606 Cum
537 3560 753 3604 sanctus
782 3552 1087 3604 Lodovicus
1118 3570 1214 3603 rex
1244 3553 1470 3604 Francie
1498 3552 1819 3603 decrevisset
1841 3567 1936 3616 per
1956 3557 2170 3601 sanctu-
