2449 3927
391 202 827 254 FORMERLY
872 203 952 253 IN
996 203 1164 254 THE
1205 203 1604 255 PHILLIPPS
1649 204 2002 255 LIBRARY
2088 217 2154 270 37

352 354 630 406 Predictus
672 355 832 405 frater
871 353 1147 420 Johannes
1188 353 1256 403 de
1302 352 1546 404 Alverna
1588 371 1714 404 curn
1761 356 2159 407 consolationes

235 446 572 496 transitorias
612 444 771 510 hujus
811 474 957 481 —-—-
1000 461 1094 509 per
1134 451 1354 494 sanctos
1402 443 1707 509 prophetas.
1808 444 1899 494 Ad
1942 444 2158 496 laudem

237 536 450 588 Christi.
530 535 726 586 Amen.

354 641 376 697 ξ
417 651 469 681 1:
516 653 598 681 0772.
645 636 831 680 Domini
875 636 1016 680 nostri
1060 639 1205 692 Jesu:
1262 637 1532 681 infundebat
1580 639 1687 695 (sor
1727 637 1958 695 faciebat).
2033 643 2055 700 ,ξ
2107 651 2158 696 5:

238 714 429 759 afflictus
468 715 577 772 (for
603 714 826 769 affectus),
864 713 1008 756 sancti
1048 715 1158 771 (sor
1190 712 1397 769 scilicet).
1467 717 1489 774 ξ
1527 714 1582 757 8:
1619 728 1707 757 om.
1742 713 1859 758 sicut
1891 729 1978 770 ego
2009 714 2163 771 ipse——

238 794 588 849 perpenderunt.
645 796 667 852 ,ξ
691 805 740 834 12
764 807 772 834 :
802 791 940 834 nichil
959 799 1174 845 creatum,
1192 790 1331 834 nichil
1349 792 1608 846 formatum,
1628 791 1766 834 nichil
1789 792 2165 847 ymaginatorium

236 869 375 914 nichil
397 869 585 923 visibile,
609 867 749 912 nichil
771 867 1180 924 comprehensibile
1202 876 1247 911 et
1271 875 1425 911 cetera
1447 867 1725 924 hujusmodi,
1749 868 1873 923 quod
1895 882 1973 911 cor
2004 869 2101 925 ejus
2122 878 2166 912 et

237 946 393 1001 lingua
416 945 618 1000 cogitare
640 945 711 987 vel
734 943 857 999 loqui
876 952 1031 1000 posset
1048 945 1264 987 humana.
1332 945 1354 1003 g
1386 956 1436 999 13
1459 959 1467 986 :
1504 943 1742 987 latitudine
1764 944 1873 1001 <for
1890 943 2163 1000 altitudine).

238 1022 307 1077 (T
301 1022 357 1065 he
378 1023 561 1065 version
585 1022 634 1063 in
657 1021 865 1074 Fieretti,
885 1031 963 1074 52,
991 1021 1032 1063 z's
1052 1020 1309 1064 somewkat
1327 1020 1651 1076 abbreviated).

151 1140 220 1193 50
357 1119 407 1183 (f.
441 1121 468 1169 8
481 1120 552 1186 3s)
597 1118 844 1181 Qualiter
852 1120 1038 1183 frater
1050 1118 1324 1186 johannes
1361 1119 1423 1169 de
1450 1119 1695 1168 Alverna
1728 1117 1866 1168 vidit
1894 1116 2166 1169 Christum
2185 1126 2310 1164 Actus
2331 1135 2393 1173 52·

225 1210 520 1278 gloriosum
558 1209 614 1258 in
641 1209 811 1260 hostia
851 1218 901 1259 et
924 1210 1152 1275 qualiter
1160 1209 1285 1274 fuit
1328 1217 1512 1274 raptus
1539 1209 1595 1258 in
1631 1209 1802 1259 altare
1840 1225 1956 1258 cum
1995 1208 2134 1258 dzssrz't
2150 1228 2168 1258 .·

235 1299 354 1349 Hoc
389 1307 471 1349 est
507 1309 690 1366 corpus
731 1316 921 1350 meum.

349 1388 546 1439 Eidem
565 1389 711 1440 fratri
732 1389 970 1454 Johanni
1010 1419 1155 1427 ———-
1200 1390 1357 1440 istius
1378 1389 1760 1455 promissionis
1839 1387 1932 1438 Ad
1953 1387 2168 1439 laudem

236 1479 446 1531 Christi.
535 1478 730 1531 Arnen.

352 1584 374 1642 g
401 1594 457 1624 2:
494 1580 539 1624 in
563 1582 757 1625 firmana
791 1581 1002 1625 custodia
1025 1583 1094 1638 (in
1129 1583 1327 1639 margin,
1353 1581 1466 1625 alias
1500 1581 1558 1625 de
1582 1581 1744 1638 firma).
1814 1583 1835 1640 g
1877 1593 1958 1636 13:
1997 1580 2170 1624 Nichil-

235 1656 416 1701 ominus
441 1656 630 1701 timebat
651 1672 710 1701 ne
732 1658 936 1702 eveniret
958 1659 1083 1714 quod
1106 1658 1286 1702 accidit.
1357 1659 1378 1716 ,ξ
1412 1670 1462 1712 17
1487 1673 1495 1701 ε
1532 1658 1841 1714 spectantibus
1866 1657 2173 1702 elevationem

236 1734 348 1791 (for
364 1732 591 1777 stantibus
614 1743 660 1776 et
683 1733 981 1790 timentibus).
1055 1738 1077 1794 ἓ
1109 1735 1160 1777 18
1183 1749 1191 1776 :
1229 1734 1585 1789 contemplanda
1610 1732 1892 1777 confectione
1910 1733 2173 1776 beatissima

236 1812 347 1869 (for
375 1810 720 1855 consecratione
755 1838 811 1844 —-
848 1812 1152 1868 complenda).
1222 1812 1243 1869 ξ
1282 1825 1369 1855 20:
1406 1810 1688 1867 glorificatus
1722 1813 1837 1868 (for
1864 1810 2170 1867 clarificatus).

231 1889 369 1942 §2232
417 1895 572 1942 raptus
607 1888 716 1945 (sor
746 1890 1028 1944 concussus).
1100 1887 1122 1945 ,ξ
1160 1899 1247 1940 24:
1285 1888 1345 1930 ad
1379 1886 1560 1931 tertiam
1595 1900 1812 1942 magnam
1841 1886 1951 1944 (for
1976 1887 2133 1931 horam
2161 1902 2169 1929 ε

236 1965 290 2022 cs.
318 1965 419 2008 MS.
447 1963 620 2020 Liege).
690 1964 712 2022 ,ξ
740 1976 795 2017 27
818 1979 827 2007 z
865 1963 1059 2008 brachia
1082 1965 1197 2022 <sor
1213 1965 1443 2019 membra)
1466 1979 1473 2006 :
1502 1963 1574 2022 [cf‚
1600 1964 1741 2018 Fiam,
1773 1974 1792 2019 5
1802 1963 1858 2021 3].

153 2081 211 2134 51
353 2055 407 2122 (f.
454 2058 564 2122 84¹)
604 2056 691 2105 De
713 2056 904 2120 fratre
926 2054 1177 2123 solumne
1220 2056 1282 2105 de
1326 2055 1517 2105 Penna
1558 2064 1609 2104 et
1645 2055 1885 2121 angelica
1924 2055 2174 2104 locutione
2189 2062 2319 2100 Actus
2339 2062 2405 2109 69·

242 2147 421 2198 eidem.

354 2238 545 2289 Frater
571 2238 849 2304 Johannes
878 2236 948 2288 de
976 2237 1180 2299 Penna‚
1212 2253 1351 2287 unus
1393 2235 1461 2286 de
1503 2235 1866 2286 luminaribus
1895 2236 2172 2301 provincie

240 2327 498 2390 Marchie‚
528 2345 650 2378 cum
678 2327 855 2378 adhuc
885 2329 939 2378 in
970 2326 1176 2378 mundo
1207 2335 1347 2378 esset
1389 2326 1661 2392 pueruIUS,
1690 2325 1916 2392 quidam
1961 2326 2171 2391 pulcer-

237 2419 404 2468 rimus
434 2436 581 2484 puer.
626 2460 637 2470 .
682 2459 691 2469 .
737 2460 746 2469 .

357 2507 405 2578 (ξ
453 2509 506 2575 3)
547 2549 557 2559 .
604 2550 614 2560 .
663 2550 673 2560 .
716 2509 925 2559 invenit
967 2508 1039 2558 ibi
1081 2509 1381 2558 maximam
1431 2506 1840 2558 multitudinem
1881 2506 2169 2556 hominum

236 2605 290 2646 et
337 2597 624 2648 mulierum
672 2598 765 2664 qui
814 2615 886 2648 ex
934 2597 1158 2648 diversis
1205 2599 1359 2648 terris
1406 2604 1779 2647 convenerunt
1827 2595 1897 2646 ad
1937 2596 2167 2646 verbum

238 2685 467 2737 Domini
497 2686 843 2748 audiendum.
930 2687 1027 2737 Ille
1068 2695 1250 2737 autem
1281 2688 1373 2753 qui
1418 2685 1694 2752 predicare
1736 2684 1971 2736 debebat
2012 2702 2171 2736 voca-

235 2775 394 2825 batur
439 2775 603 2827 frater
645 2776 945 2843 Philippus,
991 2777 1086 2843 qui
1134 2793 1363 2843 surgens
1406 2775 1704 2841 predicavit
1744 2792 1858 2825 non
1900 2775 1953 2824 in
1995 2773 2169 2825 doctis

235 2865 475 2916 humane
502 2867 768 2932 sapientie
796 2867 974 2917 verbis
1016 2866 1112 2917 sed
1140 2868 1193 2917 in
1225 2868 1422 2917 virtute
1465 2864 1698 2932 Spiritus
1740 2864 1938 2916 Christi
1962 2881 2170 2915 annun-

235 2956 378 3006 tians
408 2971 635 3020 regnum
665 2955 783 3006 Dei.
867 2956 1002 3006 Erat
1030 2963 1209 3006 autem
1239 2957 1356 3023 ipse
1397 2955 1557 3005 frater
1584 2954 1865 3020 Philippus
1905 2954 2059 3020 quasi
2102 2952 2170 3003 de

238 3048 425 3113 primis
456 3047 711 3098 fratribus
752 3050 844 3115 qui
873 3056 1137 3098 venerant
1175 3050 1230 3099 in
1275 3047 1517 3098 Marchia
1558 3046 1627 3097 de
1667 3046 1941 3096 Anchona
1983 3054 2037 3095 et
2079 3044 2171 3095 ad-

241 3138 348 3189 huc
377 3155 553 3204 pauca
581 3138 700 3189 loca
727 3146 891 3204 capta
920 3146 1072 3189 erant
1101 3139 1155 3188 in
1197 3138 1453 3189 Marchia.
1538 3137 1720 3187 Finita
1761 3153 1890 3187 vero
1929 3134 2169 3202 predica-

238 3228 388 3279 tione
429 3228 525 3279 ivit
566 3228 728 3279 frater
767 3227 1045 3294 Johannes
1087 3226 1358 3293 predictus
1387 3226 1453 3277 ad
1493 3226 1713 3276 fratrem
1758 3224 2069 3290 Philippum
2112 3234 2166 3277 et

236 3317 409 3370 dixit:
456 3319 628 3380 Pater,
671 3319 714 3369 si
754 3318 986 3382 placeret
1028 3317 1126 3367 tibi
1175 3334 1260 3367 me
1301 3318 1537 3382 recipere
1576 3315 1644 3366 ad
1686 3313 1928 3365 ordinem
1970 3314 2163 3366 vellem

235 3410 469 3462 libenter
497 3410 855 3477 penitentiam
885 3410 1059 3460 facere
1100 3416 1155 3459 et
1194 3409 1437 3460 Domino
1463 3407 1590 3472 Jesu
1618 3406 1835 3463 Christo
1875 3405 2163 3458 benedicto

234 3501 445 3552 servire.
528 3500 626 3551 Ille
653 3518 781 3551 vero
799 3517 922 3550 cum
951 3506 1092 3549 esset
1121 3505 1340 3549 sanctus
1367 3505 1422 3548 et
1451 3497 1751 3547 luminatus
1777 3494 1944 3546 homo
1974 3495 2162 3548 videns

228 3590 484 3655 juvenem
510 3590 627 3657 (sic)
657 3588 956 3640 mirabilem
987 3588 1352 3638 innocentiam
1381 3594 1435 3637 et
1464 3585 1953 3652 promptitudinem
1971 3586 2164 3637 volun-
