2449 3927
251 193 319 244 30
376 177 898 230 DESCRIPTION
926 177 1026 228 OF
1051 177 1105 227 A
1129 176 1635 229 FRANCISCAN
1664 176 2173 230 MANUSCRIPT

362 332 474 383 Vas
503 329 823 382 admirabile
853 330 1024 379 sancti
1053 328 1288 394 Spiritus
1331 328 1607 401 Antonius
1635 328 1702 379 de
1730 328 1917 379 Padua
1944 357 2090 365 —-——
2119 335 2172 377 et

247 430 438 472 contra
465 421 690 472 hostiles
720 420 988 485 nequitias
1015 419 1175 469 armis
1210 420 1417 469 munire
1445 418 1750 469 celestibus..
1833 417 1925 468 Ad
1955 416 2171 467 laudem

250 509 464 562 Christi.
545 510 743 562 Amen.

354 642 375 700 5
407 652 456 683 1:
491 638 756 684 consistorio
778 639 881 696 (sor
911 637 1117 694 consilio)
1152 635 1222 695 [cf.
1260 638 1470 691 Fz‘orett23
1505 639 1613 697 39];
1646 636 1768 695 aster
1783 634 2058 691 linguarum,
2083 635 2181 678 add

238 716 537 771 ydeomatum
559 715 854 759 diversorum.
916 714 938 771 5
973 725 1026 755 2:
1062 727 1147 756 om.
1183 712 1363 756 afflatus
1382 729 1393 765 3
1428 713 1620 755 verbum
1655 711 1744 754 Dei
1777 712 1886 769 (sor
1901 709 2172 754 mellifluum

243 792 485 848 verbum):
526 792 629 835 loco
659 791 767 848 (for
791 788 1014 844 consilio).
1077 789 1098 847 5
1135 802 1158 844 3
1180 803 1190 831 :
1225 789 1286 831 Et
1318 788 1552 843 quomodo
1573 802 1657 831 nos
1680 786 1940 831 audivimus
1963 800 2045 842 per
2066 800 2173 829 eum

243 866 562 923 unusquisque.
588 866 795 921 linguam
827 871 1043 907 nostram.
1105 864 1127 920 5
1158 873 1208 918 5:
1250 864 1388 907 Tales
1420 862 1557 918 igitur
1593 862 1758 906 milites
1790 862 1950 906 habuit
1985 869 2172 906 sanctus

245 944 516 988 Franciscus
541 944 634 987 dux
657 950 822 996 noster,
841 940 935 996 qui.

157 1074 225 1137 36
357 1063 409 1129 (f.
446 1062 562 1131 761)
608 1061 853 1124 Qualiter
887 1067 1104 1109 sanctus
1141 1058 1412 1108 Antonius
1439 1058 1754 1124 predicando
1780 1057 2019 1124 piscibus
2059 1074 2171 1107 con-
2191 1057 2321 1097 Actus
2341 1068 2406 1106 49·

244 1154 404 1204 vertit
427 1152 679 1203 hereticos.

360 1242 666 1295 Ostendere
692 1241 882 1292 volens
925 1270 1065 1279 ——-——
1106 1239 1158 1311 [5
1197 1238 1286 1307 19]
1326 1245 1380 1289 et
1421 1237 1605 1302 fideles
1647 1238 1884 1289 roborati
1927 1278 1936 1289 .
1981 1278 1990 1288 .
2040 1279 2049 1288 .
2094 1241 2171 1287 re'-

245 1340 574 1384 manserunt.
657 1328 709 1399 [5
737 1331 830 1397 20]
854 1330 1010 1381 Tunc
1034 1328 1088 1381 S.
1113 1328 1392 1379 Antonius
1414 1344 1538 1378 cum
1559 1326 1938 1378 benedictione
1956 1326 2172 1377 demisit
2222 1356 2223 1359 =

242 1423 413 1489 pisces
453 1431 508 1473 et
551 1422 813 1472 licentiati
841 1439 872 1471 a
914 1427 1103 1470 sancto
1142 1419 1320 1469 cuncti
1363 1418 1592 1468 letantes
1632 1425 1687 1468 et
1720 1416 2021 1483 gaudentes
2048 1433 2170 1467 cum

241 1511 499 1563 mirandis
528 1511 734 1562 lusibus
763 1520 816 1561 et
845 1509 1159 1560 circuitibus
1203 1507 1552 1574 amplissimis
1585 1508 1640 1556 in
1667 1507 1841 1557 varias
1870 1506 2171 1572 provincias

240 1603 500 1657 abierunt.
614 1598 666 1670 [ξ
719 1602 827 1668 21].
882 1602 1014 1652 Post
1066 1600 1167 1650 hoc
1220 1616 1349 1650 vero
1402 1598 1450 1653 b.
1504 1597 1778 1648 Antonius
1832 1613 1925 1663 per
1973 1597 2172 1647 multos

241 1692 355 1743 dies
412 1690 729 1743 Ariminum
778 1689 1110 1758 predicando
1158 1705 1419 1755 magnum
1473 1689 1707 1738 fructum
1762 1687 1887 1737 fecit
1938 1693 1992 1737 et
2045 1702 2170 1737 con-

237 1783 543 1833 versionem
585 1781 944 1831 hereticorum
986 1787 1039 1830 et
1078 1779 1370 1829 devotione
1417 1777 1539 1847 (sic)
1586 1777 1724 1831 cleri.
1810 1774 1906 1826 Ad
1948 1774 2164 1825 laudem

241 1872 459 1927 Christi,
544 1870 742 1926 Amen,

375 2003 397 2061 5
429 2015 445 2046 1
472 2017 479 2045 :
522 2010 682 2045 sancta
705 2002 815 2060 <for
841 2004 972 2058 sana)
992 2017 1002 2053 3
1037 1999 1152 2044 sicut
1175 2000 1349 2043 dudum
1374 2013 1456 2056 per
1479 1999 1655 2042 asinam
1688 1998 1797 2056 (for
1808 2005 1852 2040 et
1874 1996 1988 2040 sicut
2025 1994 2174 2052 asina)

240 2079 264 2137 5
290 2092 315 2122 2
336 2094 344 2121 z
381 2078 549 2122 sanctis
571 2080 680 2136 (sor
703 2077 957 2134 catholicis)
978 2094 988 2130 ;
1019 2076 1233 2120 obstinati
1266 2090 1321 2119 ac
1351 2074 1517 2131 lapidei
1552 2073 1661 2131 (for
1676 2072 1843 2130 lapidei
1867 2086 1948 2129 per
1968 2070 2170 2114 obstina-

237 2154 437 2211 tionem).
498 2154 521 2213 5
541 2156 569 2197 6
589 2170 597 2198 ι
626 2169 762 2210 super
785 2155 882 2198 alas
906 2155 1006 2211 (for
1025 2154 1112 2197 sub
1132 2152 1247 2208 alis).
1308 2152 1331 2209 5
1354 2163 1377 2205 7
1400 2167 1408 2194 ;
1434 2151 1642 2194 Vidisses
1661 2149 1723 2193 ibi
1741 2158 1913 2193 turmas
1932 2147 2174 2203 grandium

239 2246 355 2288 quas
400 2239 655 2275 castrorum
692 2230 813 2274 acies
852 2229 1086 2274 ordinatas
1124 2230 1215 2272 lata
1258 2229 1359 2272 loca
1398 2228 1459 2271 ad
1495 2225 1852 2282 predicationem
1889 2223 2170 2268 audiendam

240 2321 568 2364 prerumpere3
611 2305 890 2351 turbulentia
931 2306 1039 2363 (for
1065 2302 1375 2360 truculentia).
1452 2305 1474 2362 5
1512 2303 1566 2346 8:
1614 2301 1908 2345 substitorem
1945 2301 2053 2358 (for
2083 2300 2169 2342 sub

239 2386 417 2440 tutore).
479 2384 501 2442 5
549 2396 629 2426 10:
680 2382 782 2425 Hiis
821 2381 956 2436 igitur
995 2380 1192 2424 totaliter
1228 2378 1463 2423 ordinatis.
1523 2381 1546 2438 5
1593 2391 1673 2434 13:
1720 2377 1863 2420 Vobis
1903 2376 2063 2419 datum
2101 2383 2170 2419 est

238 2459 481 2515 imperium
507 2458 694 2502 Domini
727 2472 910 2501 servare
941 2459 1120 2512 Jonam.
1196 2459 1217 2516 5
1258 2467 1338 2508 14:
1374 2456 1471 2499 Vos
1503 2454 1546 2498 in
1584 2453 1737 2497 cibum
1768 2452 1895 2508 regni
1927 2486 1935 2495 .
1970 2485 1979 2494 .
2017 2487 2025 2495 .
2062 2459 2168 2495 ante

239 2536 614 2580 resurrectionem
646 2536 743 2592 ejus
775 2543 819 2578 et
848 2542 950 2590 post
982 2532 1269 2588 singulariter
1300 2531 1429 2576 electi
1462 2530 1615 2574 fuistiS.
1677 2531 1700 2589 5
1740 2541 1821 2584 17:
1858 2538 1902 2573 et
1935 2529 2088 2571 nullus
2110 2528 2168 2572 de

240 2613 341 2655 loco
363 2626 499 2668 quem
523 2619 757 2667 receperat
778 2610 1036 2654 recedebat.
1098 2610 1120 2668 5
1152 2610 1202 2652 18
1224 2624 1232 2651 :
1265 2616 1310 2651 et
1332 2607 1537 2651 videntes
1569 2605 1824 2663 prodigium
1850 2604 2169 2649 admirandum

239 2689 374 2742 quod.

154 2824 220 2877 37
358 2807 408 2871 (f.
464 2807 584 2874 76¹⁷)
626 2806 711 2855 De
754 2812 930 2855 sancto
988 2802 1215 2855 Corrado
1267 2802 1330 2853 de
1386 2801 1572 2869 Offida,
1622 2801 1868 2868 quomodo
1920 2799 2317 2850 convertz'tActus
2337 2816 2401 2856 50.

239 2897 500 2964 quendam
507 2897 764 2962 juvenem
792 2903 843 2945 et
857 2902 978 2959 post
1002 2902 1219 2944 mortem
1247 2892 1495 2943 liberavit
1519 2909 1636 2942 eum
1663 2891 1725 2941 de
1738 2889 2065 2958 purgatorio,

356 2985 616 3036 Mirabilis
664 2984 880 3035 Zelator
927 2982 1235 3049 evangelice
1282 2982 1617 3048 paupertatis
1663 2989 1717 3032 et
1760 2978 1980 3045 regule1
2022 2978 2165 3029 beati

240 3077 407 3142 patris
447 3076 619 3126 nostri
662 3075 932 3125 Francisci
981 3071 1253 3124 Corradus
1294 3071 1362 3122 de
1405 3070 1586 3123 Offida
1625 3102 1769 3109 --—
1810 3070 1999 3120 Frater
2037 3085 2165 3118 vero

242 3164 515 3218 Corradus
561 3173 620 3215 ut
668 3163 945 3215 letificaret
989 3163 1180 3214 fratres
1235 3163 1311 3212 eis
1365 3162 1463 3212 hec
1511 3162 1693 3211 omnia
1741 3160 2023 3221 enarravit,
2075 3159 2165 3224 qui

240 3255 456 3306 fuerunt
485 3255 777 3321 plurimum
806 3252 1080 3306 consolati.
1167 3251 1257 3302 Ad
1288 3251 1506 3302 laudem
1537 3250 1755 3304 Christi.
1839 3249 2034 3300 Amen.

348 3377 370 3434 5
401 3387 420 3432 5
444 3392 451 3419 ;
488 3376 531 3420 in
555 3375 800 3420 visceribus
825 3374 1037 3429 caritatis,
1061 3382 1105 3417 et
1127 3373 1239 3416 dixit
1262 3373 1301 3416 ei
1324 3374 1468 3416 verba
1492 3381 1587 3416 tam
1605 3370 1925 3415 efficacissima
1940 3378 1986 3413 et
2003 3370 2167 3413 devota

240 3449 310 3506 [cf.
341 3452 478 3506 Fz‘or.‚
514 3454 621 3512 43];
655 3466 741 3495 om.
766 3451 889 3493 facta
918 3458 987 3493 est
1021 3476 1139 3482 —-—
1174 3448 1235 3491 ita
1266 3449 1404 3503 quod.
1470 3448 1493 3505 5
1522 3448 1576 3490 6:
1613 3455 1797 3503 propter
1817 3447 1914 3503 ejus
1937 3446 2084 3488 levem
2111 3446 2165 3501 (1)

1028 3568 1043 3593 1
1060 3568 1128 3620 Cf.
1151 3569 1282 3615 Fior.‚
1304 3580 1369 3618 43.
