2449 3927
328 218 333 222 ,
379 175 817 227 FORMERLY
862 174 942 225 IN
988 174 1151 224 THE
1193 173 1598 224 PHILLIPPS
1643 173 1995 224 LIBRARY
2083 186 2149 239 55

222 324 406 369 nomine
427 327 708 369 Carmarum.
777 325 799 381 ,ξ
841 335 890 380 15
916 338 924 366 :
961 331 1006 366 et
1028 321 1278 378 predicavit
1299 321 1360 364 ibi
1385 321 1431 364 in
1453 321 1628 364 fervore
1650 329 1779 365 tanto
1801 329 1846 365 et
1877 322 2153 378 yrundinum

224 401 446 446 miraculo
478 416 567 458 que
600 401 660 444 ad
693 401 788 457 ejus
823 398 1058 454 imperium
1102 406 1357 451 tacuerunt,
1392 397 1517 453 quod
1549 411 1712 440 omnes
1744 396 1804 440 illi
1838 397 1897 440 de
1936 399 2157 441 Carmaro

225 492 377 521 mares
399 486 444 520 et
466 476 688 520 mulieres.
759 478 781 534 g
813 475 866 518 16
889 489 898 517 :
936 489 1018 517 om.
1044 473 1121 530 qui
1147 473 1313 516 dicitur
1335 471 1692 516 Continentium.

340 554 392 612 §g
439 555 604 607 17-18:
641 551 824 596 recessit
859 550 1130 594 Franciscus
1169 565 1251 606 per
1285 549 1558 593 territorium
1597 549 1643 592 in
1682 548 1802 592 dicto
1841 550 2026 593 fervore.
2093 551 2156 593 Et

222 629 415 686 respexit
448 664 456 673 .
493 664 502 672 .
539 664 548 672 .
584 627 823 672 multitudo
845 626 1000 671 avium
1023 627 1148 683 quod
1183 625 1316 682 quasi
1350 625 1446 669 sine
1477 639 1672 668 numero
1704 632 1799 668 erat
1833 626 1946 682 (sor
1971 624 2156 668 recessit

226 732 282 738 —
317 705 579 761 residebat).
648 705 700 764 ἓξ
727 715 895 758 22-23:
932 718 1020 747 om.
1041 711 1225 759 propter
1247 701 1454 745 habitum
1487 728 1544 733 —
1579 700 1938 756 multiplicatum.
2011 703 2033 758 §f
2061 713 2117 754 24
2142 716 2151 743 ε

225 789 271 824 et
293 781 374 824 dat
396 780 524 823 vobis
548 777 737 822 flumina
759 778 820 821 ad
844 786 1002 834 potum
1024 786 1068 821 et
1092 777 1229 821 fortes
1252 784 1430 820 montes
1454 784 1499 820 et
1523 777 1677 831 colles,
1703 790 1813 818 saxa
1836 783 1880 819 et
1910 774 2072 818 salices
2096 776 2155 818 ad

227 856 466 912 refugium.

138 991 208 1044 74
339 984 395 1053 (f,
428 985 547 1051 99V)
593 983 837 1046 Qualiter
858 991 1068 1033 sanctus
1107 982 1417 1032 Francircus
1456 998 1640 1032 nomen
1682 979 1939 1047 magistri
1974 978 2158 1030 ablwr-
2174 981 2306 1019 Actus
2328 990 2394 1029 17·

227 1075 383 1128 rebat.

342 1163 584 1220 Humilis
621 1163 821 1215 Christi
850 1163 1093 1213 imitator
1114 1192 1261 1199 —-—
1287 1160 1534 1213 Christus
1576 1158 1895 1210 benedictus
1935 1158 2030 1225 qui
2074 1165 2157 1209 est

227 1253 545 1305 benedictus
574 1253 628 1303 in
656 1252 838 1303 secula
868 1252 1187 1305 seculorum.
1272 1249 1471 1301 Arnen.

343 1382 366 1439 g
398 1394 413 1423 1
440 1395 448 1424 :
488 1380 616 1436 quod
648 1380 847 1423 libenter
879 1379 995 1423 scire
1030 1380 1168 1422 vellet
1199 1379 1352 1422 facere
1388 1376 1556 1432 omnia,
1581 1377 1665 1420 sed
1697 1377 1837 1419 homo
1871 1374 2158 1430 scientificus,

227 1457 312 1500 sed
334 1457 476 1499 nollet
498 1470 601 1499 esse
625 1458 762 1512 (etc).

140 1599 205 1653 75
341 1576 396 1645 (f.
432 1575 554 1645 99V)
600 1575 847 1639 Qualiter
883 1592 1024 1626 mors
1063 1575 1202 1625 beati
1235 1573 1509 1624 Francisci
1526 1572 1650 1636 fuit
1688 1573 1919 1623 revelata
1958 1571 2163 1621 domine
2179 1579 2312 1618 Actus
2335 1578 2400 1618 18.

214 1666 408 1735 jacobe
422 1666 484 1717 de
502 1666 711 1732 Septem
736 1665 913 1716 Saliis.
990 1664 1069 1714 Et
1086 1664 1227 1714 beato
1247 1663 1652 1727 Francikcofuit
1667 1663 1898 1713 revelata
1914 1660 2163 1712 certitudo

229 1765 399 1808 eterne
424 1757 629 1810 salutis.

343 1845 584 1912 Quando
611 1846 802 1897 beatus
841 1846 1160 1896 Franciscus
1201 1885 1211 1896 .
1255 1887 1265 1898 .
1312 1888 1321 1897 .
1370 1843 1678 1894 decubabat
1706 1842 1924 1893 inferius
1953 1840 2163 1910 (!)—Et

232 1945 357 2003 post
385 1937 621 2003 aliquale
650 1944 869 2002 tempus
898 1936 969 1986 ob
997 1935 1344 1986 devotionem
1386 1934 1531 1984 beati
1575 1934 1740 1999 patris
1769 1933 2038 1983 Francisci
2067 1932 2165 1982 hec

232 2027 585 2078 devotissima
633 2025 832 2077 famula
880 2025 1079 2078 Christi
1125 2026 1296 2076 vitam
1336 2023 1535 2075 ¹finiens
1582 2023 1705 2073 fecit
1752 2041 1809 2073 se
1848 2022 1902 2072 in
1943 2021 2165 2072 ecclesia

233 2118 404 2168 sancti
436 2117 480 2166 F
483 2117 708 2167 rancisci
738 2115 964 2182 sepeliri,
1049 2113 1296 2166 Attende
1337 2115 1517 2180 igitur,
1547 2113 1728 2175 lector,
1758 2119 1965 2179 quanta
1993 2127 2167 2161 rever-

232 2208 379 2258 entia
425 2214 507 2258 est
554 2205 722 2273 digna
768 2206 868 2256 hec
915 2205 1048 2256 felix
1095 2204 1338 2266 domina,
1387 2220 1554 2270 quam
1603 2203 1797 2254 beatus
1846 2201 2167 2252 Franciscus

231 2297 450 2348 vocavit
478 2297 532 2347 in
575 2295 729 2346 litera
769 2312 867 2346 sua
908 2294 1112 2346 sociam
1154 2310 1310 2344 suam
1350 2294 1405 2343 in
1448 2292 1650 2358 Spiritu
1691 2298 1898 2353 sanem,
1927 2299 1982 2341 et
2010 2290 2078 2340 ab
2106 2307 2168 2340 ea

230 2386 456 2451 jubente
507 2385 752 2435 Domino
805 2384 985 2436 hostia
1047 2383 1370 2448 stigmatum
1426 2398 1698 2432 sacrorum
1752 2397 1878 2437 cum
1936 2378 2170 2430 lacrimis

235 2474 537 2526 osculando
578 2474 724 2536 lavit,
764 2473 1093 2539 obsequium
1140 2467 1481 2537 acceptavit}
1560 2468 1654 2520 Ad
1695 2468 1911 2520 laudem
1953 2467 2166 2521 Christi.

237 2563 434 2617 Amen.

351 2697 374 2755 g
400 2708 456 2738 2:
492 2693 726 2751 deportari
760 2696 873 2753 (for
898 2692 1159 2750 possideri).
1229 2694 1252 2751 ἓ
1279 2706 1334 2749 3:
1375 2701 1424 2736 tu
1456 2690 1546 2735 scis
1581 2690 1708 2748 quod
1742 2690 1868 2733 cives
1890 2688 1960 2733 isti
1982 2689 2168 2732 habent.

240 2771 263 2829 g
305 2772 360 2814 6:
412 2770 635 2815 revelavit
675 2769 770 2814 tibi.
840 2770 946 2827 §71
987 2768 1231 2813 Revelavit
1273 2768 1464 2825 insuper
1506 2766 1655 2811 nobis.
1725 2771 1748 2828 g
1800 2779 1880 2809 12:
1934 2765 2023 2809 Dei
2068 2766 2180 2823 (for

239 2845 491 2904 Altissimi).
561 2847 584 2904 ξ
611 2858 691 2899 14:
727 2848 855 2905 aster
873 2845 1072 2888 Mariam
1089 2845 1214 2889 add:
1247 2853 1293 2889 et
1310 2843 1551 2900 depositus
1570 2851 1692 2887 esset
1708 2841 1967 2896 infirmaria,
1987 2839 2174 2884 vocavit

273 2956 282 2966 .
319 2956 328 2966 .
366 2956 374 2966 .
412 2922 584 2966 devota
616 2921 785 2965 ordinis
817 2921 909 2965 mei
945 2920 1192 2976 carissima,
1228 2920 1265 2964 si
1303 2928 1501 2963 mortem
1539 2932 1693 2962 meam
1724 2917 1857 2961 sciret
1889 2926 1933 2961 et
1964 2917 2055 2959 hoc
2087 2915 2175 2960 iter

242 2997 371 3055 [non‚
390 2999 599 3042 addedin
619 2999 824 3058 margin]
847 2997 1019 3041 faceret
1039 2997 1174 3040 valde
1197 2994 1588 3040 inconsolabiliter
1611 2992 1825 3054 [doleret]
1842 3001 1887 3037 et
1903 2991 2169 3036 tristaretur.

245 3078 268 3134 ξ
315 3084 395 3129 15:
449 3075 522 3117 Ne
567 3087 681 3128 ergo
723 3074 941 3117 turbetur.
1011 3073 1033 3130 ξ
1081 3085 1170 3115 20:
1217 3073 1394 3116 ducens
1439 3085 1596 3114 secum
1641 3068 1849 3126 predicta
1888 3067 2044 3111 omnia
2082 3081 2173 3124 que

244 3166 277 3195 s.
316 3149 590 3194 Franciscus
626 3149 668 3192 ei
707 3150 960 3192 mandabat
998 3151 1110 3205 (for
1143 3156 1188 3191 et
1225 3147 1380 3191 omnia
1413 3173 1469 3178 ——
1504 3147 1737 3201 portabat)
1757 3161 1768 3198 3
1811 3158 2031 3200 rumpens
2070 3145 2181 3201 (for

244 3229 478 3284 reponas).
547 3226 569 3283 ξ
590 3238 645 3267 22
669 3241 679 3270 :
711 3224 946 3268 dominam
963 3225 1189 3280 Jacobam
1214 3222 1545 3267 nobilissimam
1573 3224 1837 3275 Romanam
1855 3234 1971 3263 cum.
2041 3222 2063 3280 g
2083 3220 2142 3262 26
2164 3236 2174 3263 ι

243 3302 483 3359 insignitos
507 3303 618 3360 (for
634 3300 963 3357 consignatos).
1032 3301 1055 3358 ξ
1080 3311 1136 3352 27
1161 3315 1170 3345 :
1206 3313 1234 3341 a
1257 3298 1452 3355 pedibus
1486 3296 1630 3341 sancti
1661 3310 1755 3339 non
1780 3304 2029 3351 potuerunt
2051 3293 2174 3337 illam

246 3380 428 3422 elevare
452 3376 524 3434 [cf.
551 3377 759 3431 Fiorettz‚
785 3377 968 3420 Fourtlz
996 3375 1033 3418 C
1035 3376 1178 3419 onszd.
1205 3389 1263 3418 on
1286 3375 1361 3418 the
1384 3374 1655 3433 Stigmata}

486 3542 501 3567 1
516 3544 644 3581 Some
663 3541 803 3581 words
823 3542 929 3580 have
950 3541 1154 3592 probably
1174 3540 1361 3591 dropped
1382 3547 1457 3579 out
1480 3541 1585 3578 from
1606 3538 1691 3577 this
1713 3545 1929 3577 sentence.
