2449 3927
122 2837 188 2890 57

213 151 284 210 46
339 151 869 205 DESCRIPTION
897 154 994 205 OF
1017 155 1071 206 A
1095 155 1597 210 FRANCISCAN
1634 159 2141 212 MANUSCRIPT

211 302 330 367 quis
377 319 565 353 eorum
616 304 734 368 plus
781 305 972 367 doluit,
1024 325 1093 357 an
1143 316 1316 358 mater
1367 326 1475 376 que
1516 311 1696 375 ipsum
1726 320 2021 376 »genuerat
2075 329 2144 363 an

212 390 504 455 discipulus
534 392 761 444 dilectus
802 396 895 461 qui
938 413 1097 461 supra
1140 406 1328 462 pectus
1369 398 1483 462 ejus
1526 399 1834 462 dormierat,
1867 418 1936 450 an
1979 401 2144 452 Fran-

211 481 381 531 ciscus
411 481 792 534 devotissimus
820 486 912 550 qui
941 503 1064 536 cum
1096 486 1373 538 Crucifixo
1410 489 1704 539 crucifixus
1744 497 1891 541 erat:
1931 498 1985 540 et
2013 490 2142 542 dum

211 570 266 619 in
294 570 394 620 hac
423 580 609 622 sancta
648 581 703 623 et
745 572 942 624 devota
984 575 1338 627 meditatione
1366 595 1490 628 cum
1522 578 1706 629 multis
1750 579 1985 630 lacrimis
2026 598 2142 646 per-

211 668 471 721 maneret,
512 678 635 711 ecce
676 664 926 727 apparuit
964 665 1063 714 sibi
1104 665 1263 715 beata
1295 666 1473 717 Mater
1512 668 1616 717 Dei
1657 668 1831 735 Virgo
1875 669 2048 720 Maria
2090 678 2145 720 et

210 749 403 800 beatus
432 750 710 816 Johannes
739 754 1075 818 evangelista
1103 763 1156 805 et
1187 755 1379 806 beatus
1408 765 1560 821 pater
1588 765 1773 808 noster
1807 758 1851 808 F
1857 760 2142 822 ranciscus,

211 839 390 888 vestiti
419 840 671 904 preclaris
701 841 859 891 beate
886 843 1058 907 glorie
1084 844 1431 906 indumentis,
1466 846 1561 897 sed
1602 847 1792 897 beatus
1825 847 1868 896 F
1872 850 2142 901 ranciscus

212 926 433 978 indutus
463 929 747 981 videbatur
774 932 1080 996 preclariori
1107 941 1260 984 veste
1287 952 1451 1000 quam
1481 936 1672 987 beatus
1694 936 1984 1002 Johannes.
2067 939 2143 989 Et

212 1034 335 1068 cum
364 1019 663 1070 astitissent
704 1020 852 1070 fratri
892 1021 1051 1072 Petro
1092 1023 1444 1075 vehementer
1484 1026 1715 1088 timenti,
1742 1028 2054 1078 confortans
2093 1029 2142 1078 ei

211 1107 404 1157 beatus
427 1107 706 1172 Johannes
735 1109 877 1161 dixit
901 1131 909 1161 :
952 1111 1040 1162 Ne
1067 1113 1278 1175 timeas,
1297 1113 1580 1166 karissime
1603 1117 1764 1167 frater
1792 1118 1846 1167 in
1875 1117 2140 1180 Domino,

211 1198 338 1262 quia
377 1214 500 1247 ecce
541 1197 610 1248 ad
639 1207 694 1249 te
721 1200 1117 1252 consolandum
1147 1202 1469 1255 advenimus
1499 1213 1551 1255 et
1593 1205 1661 1256 de
1702 1214 1798 1256 tuo
1840 1206 2009 1257 dubio
2049 1207 2141 1259 de-

210 1286 540 1339 clarandum.
643 1288 793 1340 Scias
840 1308 968 1356 ergo
1015 1292 1164 1358 quod
1211 1295 1460 1359 quamvis
1510 1295 1692 1346 Mater
1738 1304 1792 1346 et
1836 1313 1938 1363 ego
1981 1315 2142 1364 super

210 1392 399 1426 omnes
442 1377 509 1427 de
551 1377 750 1430 Christi
794 1381 1049 1445 passione
1089 1381 1378 1445 doluimus,
1413 1391 1596 1435 tamen
1640 1393 1764 1451 post
1807 1403 1907 1440 nos
1949 1387 2139 1438 beatus

213 1466 527 1517 Franciscus
576 1485 669 1533 pre
717 1470 972 1520 omnibus
1020 1471 1213 1534 doluit,
1263 1472 1387 1523 ideo
1435 1475 1614 1539 ipsum
1664 1475 1718 1526 in
1767 1484 1922 1527 tanta
1969 1477 2139 1542 gloria

211 1557 396 1610 cernis,
522 1557 833 1623 Respondit
905 1559 1069 1610 frater
1141 1562 1361 1612 Petrus:
1450 1563 1807 1615 Sanctissime
1873 1567 2140 1632 ‘apostole

212 1645 430 1708 Christi,
458 1655 512 1697 et
540 1664 706 1713 quare
732 1650 1122 1700 vestimentum
1147 1651 1293 1702 beati
1318 1652 1362 1702 F
1367 1654 1590 1703 rancisci
1613 1653 1830 1705 videtur
1851 1656 2139 1721 gloriosius

209 1736 537 1786 vestimento
585 1735 717 1788 tuo?
804 1738 1110 1804 Respondit
1166 1742 1359 1792 beatus
1401 1742 1708 1808 Johannes:
1802 1743 1966 1810 Quod
2008 1763 2131 1796 cum

210 1832 352 1875 esset
394 1826 449 1875 in
490 1827 670 1876 seculo
712 1844 809 1893 pro
852 1846 1036 1880 amore
1083 1830 1283 1881 Christi
1331 1832 1522 1883 viliora
1563 1850 1728 1899 quam
1770 1851 1873 1900 ego
1915 1836 2139 1900 pertulit

207 1916 547 1966 vestimenta.
631 1917 708 1967 Et
736 1917 838 1968 hiis
868 1917 1027 1969 dictis
1068 1920 1347 1986 quoddam
1390 1923 1689 1988 gloriosum
1724 1927 2134 1988 vestimentum,

209 2004 358 2071 quod
385 2005 661 2070 Johannes
690 2007 894 2058 ferebat
923 2009 976 2058 in
1006 2010 1271 2071 manibus,
1299 2012 1526 2077 protulit
1555 2013 1704 2063 fratri
1734 2014 1895 2064 Petro
1924 2014 2138 2066 dicens:

207 2094 417 2160 Accipe
456 2096 559 2146 hoc
602 2099 992 2149 vestimentum
1039 2101 1165 2166 quia
1209 2101 1307 2151 tibi
1356 2102 1490 2152 illud
1537 2104 1695 2153 attuli
1743 2104 2133 2156 exhibendum.

210 2185 284 2235 Et
324 2203 448 2236 cum
489 2187 652 2237 vellet
694 2188 812 2253 ipso
835 2190 1165 2240 vestimento
1206 2191 1425 2242 fratrem
1455 2192 1675 2243 Petrum
1705 2194 1946 2257 induere,
1976 2196 2138 2247 frater

208 2275 399 2325 Petrus
445 2276 729 2343 obstupuit
777 2286 831 2328 et
884 2296 954 2329 ex
1010 2279 1372 2332 admiratione
1425 2300 1677 2333 corruens
1718 2315 1789 2321 —
1833 2302 1944 2335 non
1990 2288 2134 2336 enim

207 2364 529 2416 dormiendo
587 2366 681 2417 sed
733 2368 1012 2434 vigilando
1065 2370 1167 2420 hoc
1213 2371 1468 2423 cernebat
1506 2402 1577 2409 ——
1621 2374 1820 2439 incepit
1873 2375 2135 2426 clamare:

209 2454 397 2505 Frater
441 2455 681 2507 Corarde
708 2457 1011 2520 karissime,
1053 2460 1261 2523 festina,
1292 2479 1542 2513 succurre
1568 2471 1623 2513 et
1650 2465 1793 2526 veni,
1822 2464 1949 2515 vide
1979 2467 2135 2517 mira-

207 2544 349 2596 bilia.
429 2544 578 2596 Inter
603 2546 702 2597 hec
728 2547 893 2599 verba
922 2557 1107 2600 sancta
1128 2551 1264 2601 visio
1292 2551 1475 2618 elapsa
1496 2560 1593 2615 est,
1624 2561 1679 2604 et
1706 2562 1830 2620 post
1859 2556 1961 2606 hoc
1989 2557 2138 2607 venit

208 2642 425 2685 sanctus
466 2635 737 2687 Corardus
780 2639 864 2688 cui
907 2640 1090 2689 omnia
1137 2658 1231 2706 per
1261 2641 1507 2692 ordinem
1549 2646 1830 2696 enarravit.
1911 2645 1999 2696 De
2025 2664 2137 2713 quo

209 2725 367 2775 simul
397 2726 662 2777 consolati
689 2728 811 2778 Deo
840 2730 1040 2794 gratias
1070 2730 1433 2783 reddiderunt.
1514 2732 1714 2786 Amen.

323 2815 377 2881 (f.
428 2818 457 2866 8
466 2818 544 2884 7V)
591 2817 838 2879 Qualiter
879 2820 1028 2869 Deus
1073 2822 1284 2885 aperuit
1305 2823 1488 2887 fratri
1510 2823 1703 2891 jacobo
1742 2827 1934 2877 ostium
1978 2844 2136 2877 secre-

209 2912 382 2955 torum
427 2924 659 2958 suorum.

325 2995 513 3046 Frater
558 2997 790 3062 Jacobus
822 2998 889 3049 de
913 3000 1094 3050 Massa
1123 3003 1205 3051 cui
1249 3001 1400 3053 Deus
1443 3007 1693 3070 apperuit
1720 3008 1923 3057 ostium
1966 3025 2135 3057 secre-

209 3091 389 3135 torum
432 3103 671 3149 suorum,
712 3105 821 3154 quo
863 3090 1024 3139 frater
1066 3090 1293 3156 Egidius
1335 3092 1403 3143 de
1444 3093 1658 3148 Assisio
1698 3104 1754 3146 et
1804 3097 2020 3147 Marcus
2067 3096 2136 3146 de

211 3174 464 3226 Montino
492 3177 701 3228 nullum
729 3179 1136 3245 cognoscebant
1166 3182 1427 3247 majorem
1454 3185 1507 3234 in
1537 3184 1758 3248 mundo,
1790 3203 1912 3236 cum
1936 3186 2133 3253 quibus

212 3263 372 3314 frater
412 3266 698 3331 Juniperus
726 3275 780 3317 et
823 3268 1059 3319 Lucidus
1093 3270 1147 3321 id
1177 3272 1355 3337 ipsum
1398 3275 1722 3337 sentiebant,
1749 3293 1911 3342 quem
1953 3276 2134 3327 videre

211 3353 458 3416 laboravi,
489 3355 756 3422 dirigente
784 3374 870 3408 me
901 3359 1060 3408 fratre
1088 3360 1338 3425 Johanne
1371 3364 1516 3413 socio
1558 3363 1687 3415 dicti
1730 3365 1906 3415 fratris
1935 3365 2131 3431 Egidii.

213 3441 352 3492 Cum
381 3445 525 3494 enim
555 3445 714 3497 frater
739 3447 1027 3512 JohanneS,
1056 3466 1179 3500 cum
1209 3451 1535 3517 quibusdam
1578 3455 1750 3504 causis
1780 3454 2132 3506 edificationis

2151 2839 2300 2887 [Actus
2321 2837 2404 2888 76.]

2152 2890 2341 2936 Fioretti‚
2364 2892 2431 2940 48,

2152 2946 2266 2985 Hist.
2289 2944 2442 2984 Tribul.
