2449 3927
38 310 167 363 >102

60 1156 159 1207 103

53 2248 155 2298 104

50 2983 148 3036 105

190 173 261 235 64
322 169 849 222 DESCRIPTION
878 169 978 220 OF
999 169 1052 219 A
1078 168 1576 221 FRANCISCAN
1605 169 2112 221 MANUSCRIPT

302 322 355 388 (f.
409 323 559 389 IOSV)
605 320 761 383 Quod
803 320 866 369 de
916 320 1157 370 omnibus
1202 320 1348 370 bonis
1399 320 1571 370 verbis
1623 329 1673 370 et
1721 320 1957 385 operibus
2001 322 2115 371 suis

186 411 389 461 volebat
429 412 532 461 soli
575 411 685 460 Deo
728 409 955 460 attribui
987 411 1226 476 gloriam
1272 420 1322 460 et
1364 410 1626 462 bonorem.

299 500 446 566 Qum
475 501 585 567 (sic)
633 499 965 565 predicasset
1012 500 1218 566 populo
1265 500 1411 565 apud
1461 500 1829 551 Iteramnem1
1868 530 1937 537 -—
1981 517 2112 566 ymo

185 591 351 640 etiam
394 607 583 654 parum
626 589 789 639 nichil
819 596 873 638 et
903 588 1026 639 ideo
1055 589 1156 640 soli
1187 589 1309 640 Deo
1338 590 1514 639 honor
1553 597 1635 640 est
1675 598 1729 639 et
1770 590 1942 655 gloria
1984 596 2112 638 sunt

186 678 478 742 reddenda,
510 680 721 729 homini
749 687 930 729 autem
972 724 982 734 .
1028 721 1037 730 .
1081 721 1091 730 .
1138 679 1268 730 dum
1309 681 1442 731 vivit
1483 682 1537 730 in
1578 681 1682 730 isto
1726 680 1932 731 mundo
1973 681 2114 730 inter

185 769 299 833 ejus
331 771 585 820 miserias.

299 886 347 928 P.
377 885 446 939 80,
473 886 499 928 1.
527 885 584 930 6:
621 885 808 928 beatum
834 883 1128 928 Franciscum
1151 887 1263 943 (for
1278 887 1517 943 populum)
1538 903 1549 938 3
1582 887 1623 929 ll.
1666 897 1798 941 14-15
1826 902 1834 928 :
1871 885 2113 929 descendit

183 959 428 1016 episcopus
461 961 519 1004 de
551 961 653 1004 loco
685 959 761 1003 ubi
796 959 1112 1015 predicaverat
1134 962 1176 1004 b.
1206 961 1476 1005 Franciscus
1500 970 1544 1006 et
1566 962 1748 1006 intravit
1781 961 2110 1017 episcopatum.

183 1036 231 1079 P.
258 1037 328 1091 81,
354 1037 394 1079 ll.
420 1048 466 1089 4·
475 1046 494 1091 5
520 1051 528 1078 :
563 1049 853 1092 quacumque
875 1037 988 1079 hora
1009 1037 1138 1080 affert
1161 1052 1189 1080 a
1210 1052 1284 1080 me
1308 1037 1536 1081 Dominus
1559 1039 1837 1082 thesaurum.

294 1143 345 1208 (f.
400 1157 418 1193 Ι
432 1144 548 1210 o9s)
594 1142 840 1205 Qualiter
873 1143 1217 1192 assimulavit
1246 1144 1530 1208 perfectum
1571 1143 1881 1194 obedientem
1913 1145 2112 1209 corpori

180 1230 418 1282 mortuo.2
1180 1232 1190 1237 ”

295 1321 548 1388 Quadam
590 1331 773 1374 autem
814 1325 931 1374 vice
971 1322 1167 1373 sedens
1209 1339 1333 1373 cum
1378 1323 1629 1374 fratribus
1659 1324 1769 1373 suis
1799 1324 2105 1374 clementis-

178 1413 311 1463 sime
334 1414 514 1465 emisit
537 1414 826 1480 suspirium
868 1414 1054 1464 dicens
1097 1443 1167 1450 —
1212 1411 1499 1463 Summam
1536 1430 1665 1463 vero
1714 1413 2098 1476 obedientiam,

176 1503 343 1553 etiam
369 1520 533 1568 quam
555 1504 719 1553 nichil
738 1504 905 1554 habet
927 1520 1051 1554 caro
1074 1511 1128 1553 et
1150 1504 1382 1569 sanguis,
1406 1502 1552 1553 illam
1571 1520 1692 1553 esse
1713 1503 1969 1553 credebat
1997 1521 2104 1569 qua

176 1591 360 1643 divina
402 1594 758 1659 inspiratione
800 1594 906 1644 itur
946 1595 1058 1643 sive
1101 1592 1171 1643 ad
1213 1594 1591 1658 proximorum
1634 1593 1841 1643 lucrum
1881 1595 1993 1644 sive
2034 1592 2104 1643 ad

178 1683 400 1732 martirii
447 1681 772 1755 desiderium
821 1685 961 1733 inter
1016 1682 1317 1734 Saracenos
1373 1689 1428 1732 et
1475 1682 1610 1732 alios
1658 1682 1920 1745 infideles,
1964 1682 2103 1732 hanc

175 1772 343 1822 etiam
391 1773 606 1838 penitus
653 1773 942 1838 reputabat
990 1772 1226 1822 multum
1273 1772 1395 1822 Deo
1442 1779 1740 1837 acceptum.

288 1890 334 1931 P.
364 1889 434 1944 84,
459 1889 485 1931 1.
514 1902 530 1931 1
557 1904 564 1932 :
602 1897 779 1945 oportet
796 1889 989 1933 describi
1012 1891 1121 1948 (for
1137 1888 1202 1932 sic
1219 1888 1472 1946 descripsit)
1495 1905 1506 1942 ;
1539 1890 1637 1932 add
1645 1888 1754 1945 quia
1770 1890 1920 1947 before
1936 1891 2066 1933 Tolle
2088 1905 2099 1941 ;

174 1965 200 2006 l.
228 1978 252 2020 3
276 1980 283 2007 :
318 1979 409 2008 non
434 1979 734 2021 murmurare,
763 1964 906 2009 Situm
927 1980 1019 2008 non
1043 1966 1298 2009 reclamare
1319 1964 1583 2019 dimissum3
1619 1966 1645 2008 l.
1674 1978 1701 2019 4
1725 1980 1735 2008 ε
1771 1966 2007 2020 exaltetur,
2033 1979 2100 2008 re-

175 2039 360 2096 spiciet3
396 2041 421 2084 1.
448 2041 504 2083 6;
541 2056 644 2084 cum
678 2050 926 2097 moveatur,
961 2056 1054 2085 non
1082 2041 1254 2098 judicat
1287 2041 1364 2084 ubi
1400 2042 1654 2097 collocetur,
1691 2050 1742 2085 ut
1775 2041 2101 2086 transmittetur

174 2115 248 2174 (cf.
289 2117 461 2159 Canon.
500 2117 601 2160 MS.
632 2128 747 2173 525:
783 2131 875 2173 quo
910 2117 1269 2172 transmittetur).

287 2222 339 2287 (f.
381 2223 525 2289 1091')
571 2222 726 2284 Quod
750 2222 1105 2287 periculosum
1132 2222 1207 2272 sit
1231 2222 1396 2273 nimis
1427 2222 1562 2285 [MS.
1609 2231 1774 2291 mens]
1820 2224 1917 2273 cito
1932 2223 2099 2288 preci-

160 2321 285 2376 pere
297 2321 401 2377 per
435 2312 778 2363 obedientiam
806 2320 856 2361 et
872 2320 1101 2377 precepto
1122 2313 1400 2362 obedientie
1426 2330 1526 2362 non
1554 2310 1794 2374 obedire?

287 2401 487 2452 Beatus
517 2403 700 2469 itaque
723 2410 876 2468 pater
916 2443 926 2452 .
973 2444 982 2452 .
1028 2447 1037 2457 .
1084 2420 1181 2453 nec
1205 2404 1381 2468 primo
1406 2402 1700 2452 fulminans
1717 2401 1957 2467 jaculum
1981 2419 2099 2452 esse

172 2499 482 2543 extremum
528 2493 645 2560 (sic)
693 2509 824 2554 non,
868 2493 1058 2559 inquit,
1106 2493 1216 2542 cito
1257 2491 1328 2542 ad
1369 2509 1555 2543 ensem
1598 2509 1789 2543 manus
1832 2492 2099 2543 mittende

172 2589 311 2632 sunt.
412 2583 550 2633 Cum
585 2590 766 2633 autem
808 2583 1005 2648 aliquis
1047 2589 1303 2648 precepto
1345 2582 1656 2632 obedientie
1696 2599 1807 2632 non
1846 2581 2096 2633 obediret

171 2672 505 2735 festinanter,
548 2672 766 2723 dicebat
812 2689 936 2723 eum
984 2689 1081 2723 nec
1122 2714 1131 2723 .
1180 2714 1190 2724 .
1236 2714 1245 2724 .
1291 2674 1536 2735 revereri,
1581 2672 1712 2723 dum
1757 2681 1939 2723 autem
1985 2690 2094 2723 non

170 2762 338 2813 habet
385 2779 601 2812 causam
668 2763 1046 2813 necessarium.
1157 2757 1343 2813 Nichil
1404 2763 1584 2813 verius
1650 2763 1786 2825 istis,
1852 2780 1980 2814 nam
2021 2793 2092 2800 -—

171 2859 252 2901 est
297 2851 547 2918 religioso
590 2852 900 2920 neglectore
943 2851 1254 2902 obedientie
1296 2860 1352 2902 et
1395 2853 1762 2918 contemptori
1807 2853 1936 2920 (sic).

285 2941 336 3009 (f.
376 2944 519 3007 109¹)
564 2941 810 3004 Qualiter
833 2942 1096 3007 respondit
1103 2941 1381 3005 fratribus
1407 2942 1750 2992 suadentibus
1787 2951 1849 2992 ut
1863 2950 2098 3007 peterent

160 3031 511 3098 privilegium
538 3040 599 3082 ut
621 3032 780 3082 libere
795 3039 1007 3097 possent
1008 3031 1295 3097 predicare.

284 3120 523 3187 Quidam
553 3122 744 3172 fratres
772 3121 1033 3172 dixerunt
1073 3152 1144 3159 -
1188 3129 1504 3173 convertere
1532 3122 1807 3173 universas
1836 3122 1964 3189 (sic).

278 3263 293 3287 ¹
311 3263 379 3315 Cf.
399 3265 640 3312 Lemmens,
663 3276 726 3313 13.

282 3331 299 3355 2
313 3332 428 3383 Spec.
446 3331 575 3383 Pers„
600 3333 703 3382 Cap.
739 3333 804 3382 46,
824 3343 891 3382 47,
912 3344 981 3370 are
1002 3332 1181 3371 omitted
1201 3332 1298 3371 here
1314 3345 1360 3371 as
1375 3332 1417 3371 in
1449 3333 1576 3372 MSS.
1610 3331 1818 3383 Liegnit2‚
1840 3331 1935 3370 Vat.
1970 3341 2089 3380 4354,

171 3398 254 3437 and
273 3399 415 3437 Berlin
439 3401 526 3447 196.
585 3400 651 3437 On
673 3399 775 3450 Cap.
798 3401 862 3449 46,
884 3399 939 3450 cf.
961 3412 1031 3437 no.
1057 3401 1145 3448 158,
1168 3399 1251 3439 and
1269 3412 1325 3439 on
1348 3399 1448 3450 Cap.
1472 3411 1536 3450 47,
1558 3412 1626 3439 no.
1653 3400 1728 3449 187
1747 3399 1897 3437 below.

282 3466 536 3517 ³Margmaz
555 3470 648 3506 note
667 3466 711 3505 in
734 3466 850 3506 hand
869 3466 920 3517 of
935 3466 1033 3505 16th
1056 3469 1108 3519 (Ρ)
1138 3470 1269 3508 cent.:
1299 3467 1416 3506 Nota
1434 3474 1578 3507 contra
1610 3467 1836 3506 nonnullos
1856 3464 2087 3516 gubernan-

171 3538 236 3571 tes
257 3533 418 3572 fratres.

2129 319 2252 369 Spec.
2277 321 2397 370 Perfi,
2430 323 2432 325 ’

2127 383 2176 421 45
2200 374 2273 425 (cf.
2299 375 2419 415 Lem-

2128 439 2260 475 mens,
2285 428 2364 480 13).

2124 1149 2246 1199 Spee.
2271 1146 2389 1198 Pers„

2119 2250 2242 2301 Spec.
2267 2248 2386 2299 Pers„

2117 2316 2183 2353 49·
2266 2349 2268 2351 .

2115 2963 2234 3014 Spec.
2259 2963 2378 3011 Peri„

2111 3029 2163 3065 50
2185 3016 2253 3069 (cf.
2278 3017 2397 3056 Lem-
2447 3015 2449 3028 *

2111 3083 2244 3119 mens,
2266 3071 2403 3110 Verba

2113 3125 2157 3164 S.
2181 3125 2265 3173 Fr.‚
2286 3127 2307 3174 ἓ
2327 3125 2381 3178 6).
