2449 3927
354 228 793 281 FORMERLY
840 228 920 278 IN
966 227 1130 278 THE
1169 227 1576 278 PHILLIPPS
1621 226 1976 278 LIBRARY
2065 238 2125 292 51

199 381 456 433 omnibus
478 380 809 442 mirabiliter,
832 379 1083 429 honorari
1111 378 1239 445 quia
1266 379 1359 443 qui
1386 376 1762 445 glorificaverit
1790 396 1879 429 me
1905 409 2052 416 —-—·
2080 386 2136 430 et

200 488 302 538 ego
329 472 421 538 qui
450 471 637 537 scripsi
665 470 734 520 ab
773 486 867 519 ore
909 468 1086 519 fratris
1131 468 1401 534 Hugolini
1429 467 1528 518 viri
1556 467 1684 518 boni
1713 475 1767 518 et
1796 469 1982 535 utique
2010 467 2137 520 fide-

203 560 370 627 digni.
453 559 544 611 Ad
563 558 783 610 laudem
814 557 1032 610 Christi.

316 679 420 737 52:
458 683 554 719 tarn
576 673 896 719 admirabilem
923 672 1126 730 undique
1160 672 1435 717 confluebat.
1507 674 1530 733 5
1557 685 1612 728 3:
1649 672 1710 715 ad
1744 679 1888 716 terras
1923 681 2002 716 aut
2035 688 2133 717 cas-

202 753 323 796 tella.
395 750 418 809 5
458 763 514 805 4:
551 750 611 794 ad
650 758 851 794 castrum
893 748 1065 793 Montis
1106 747 1248 793 Feltri
1288 746 1552 792 advenisset
1588 747 1751 806 (Feltri
1798 749 1991 792 written
2030 764 2146 794 over

202 829 423 886 erasure).
493 827 515 884 5
545 837 599 882 5:
632 834 763 869 erant
786 825 916 869 multi
950 824 1117 869 milites
1149 833 1196 869 et
1229 824 1419 869 nobiles.
1490 823 1598 881 56:
1635 824 1879 867 Orlandus.
1949 826 1971 881 5
2002 836 2025 877 7
2051 840 2060 868 :
2097 832 2142 868 et

204 902 506 948 commonitus
545 917 573 945 a
604 900 758 945 multis
794 903 909 960 (for
947 909 994 944 ut
1033 901 1320 945 commodius
1344 930 1400 936 -
1422 900 1730 959 multitudini).
1815 902 1837 959 5
1880 902 1934 944 8:
1990 903 2143 945 Tanto

204 980 384 1036 equello
406 979 527 1022 bene
549 978 637 1021 che
651 985 838 1033 aspecto
856 978 941 1022 che
957 976 1064 1033 ogni
1085 991 1206 1033 pena
1228 992 1300 1022 me
1324 976 1496 1021 dilecto
1520 981 1635 1034 (om.
1658 978 1805 1021 Senus
1828 1004 1884 1010 —
1907 977 2141 1036 delectat).

206 1056 228 1112 5
254 1068 310 1111 9:
345 1068 397 1098 os
431 1054 544 1111 (for
571 1052 830 1112 linguam);
866 1067 948 1109 per
981 1067 1124 1109 penas
1156 1052 1410 1097 martirium
1441 1053 1513 1097 vel
1545 1053 1814 1097 martirum:
1851 1067 1906 1097 ac
1938 1052 2144 1097 diversas

204 1133 369 1191 (foret
384 1131 557 1187 duras).
625 1133 648 1189 5
673 1145 755 1176 10:
791 1132 849 1176 de
868 1131 1043 1189 optima
1060 1132 1288 1189 presentia
1305 1133 1422 1176 letus
1452 1134 1560 1192 (for
1573 1131 1762 1187 gavisus
1785 1159 1843 1165 —
1866 1131 2141 1190 presentia):

204 1221 286 1252 om.
310 1207 459 1252 intus:
493 1207 731 1264 proposuit
754 1222 859 1251 cum
882 1222 916 1251 s.
943 1217 1073 1265 patre
1106 1208 1291 1253 omnino
1322 1209 1498 1252 habere
1531 1207 1810 1264 colloquium
1840 1223 1894 1252 ac
1917 1209 2028 1267 (for
2044 1221 2145 1264 pro-

205 1283 360 1341 posuit
382 1310 439 1315 —
461 1284 626 1339 patre).
704 1284 727 1342 5
767 1296 850 1338 14:
892 1284 1028 1329 valde
1062 1293 1221 1341 aptum
1254 1283 1340 1328 hiis
1373 1283 1450 1341 qui
1486 1284 1922 1340 contemplationem
1953 1299 2009 1327 ac
2040 1283 2144 1327 soli-

206 1359 369 1404 tariam
405 1359 547 1403 vitam
582 1358 857 1404 desiderant.
927 1360 949 1418 5
996 1361 1083 1410 16;
1129 1361 1319 1405 domum
1354 1369 1558 1404 vestram
1599 1363 1709 1419 (for
1740 1368 1895 1417 partes
1933 1367 2144 1418 vestras).

208 1439 231 1498 5
263 1450 344 1492 19:
385 1450 469 1480 om.
498 1436 628 1492 forte,
652 1438 755 1481 and
769 1436 998 1480 associati.
1063 1438 1086 1496 5
1112 1450 1197 1480 22:
1233 1437 1296 1481 Et
1318 1445 1454 1493 capto
1477 1435 1539 1479 ibi
1562 1437 1664 1481 loco
1699 1451 1804 1480 cum
1838 1436 2010 1480 domini
2044 1450 2147 1493 pre-

206 1512 313 1556 dicti
335 1511 519 1557 licentia
540 1512 586 1556 in
607 1512 792 1557 nomine
816 1512 1005 1557 Domini
1027 1512 1170 1557 nostri
1192 1515 1304 1570 Jesu
1324 1512 1491 1557 Christi
1515 1511 1694 1556 iverunt
1727 1513 1835 1556 dicti
1869 1513 2030 1557 fratres
2065 1526 2148 1569 pro

208 1589 253 1632 S.
295 1587 540 1632 Francisco
568 1596 618 1631 ut
648 1588 755 1632 illuc
785 1588 936 1645 ipsum
969 1589 1249 1633 deducerent
1287 1588 1610 1632 annuntiantes
1649 1587 1800 1632 eidem
1838 1589 1992 1632 locum
2030 1604 2143 1634 esse.

211 1664 234 1722 5
262 1676 319 1717 24
340 1679 348 1708 :
384 1663 642 1721 quiesceret
664 1664 709 1707 in
733 1666 849 1721 pede
871 1665 1111 1722 cujusdam
1132 1679 1339 1721 quercus,
1372 1679 1462 1721 que
1495 1664 1829 1721 aliquantulum
1862 1665 2065 1709 distabat
2088 1667 2148 1709 ab

210 1739 287 1783 illo
309 1748 479 1795 monte,
504 1739 751 1784 multitudo
772 1740 1052 1785 diversarum
1087 1741 1242 1785 avium
1275 1741 1492 1785 confluxit
1523 1775 1533 1784 .
1570 1776 1580 1785 .
1616 1776 1625 1785 .
1652 1742 1773 1798 joco,
1807 1742 2009 1798 undique
2042 1757 2148 1787 con-

212 1825 461 1861 currentes.
530 1820 553 1877 5
580 1827 635 1873 25
657 1832 666 1861 :
704 1818 911 1873 spatulas
933 1819 1045 1876 (sor
1058 1819 1305 1875 scapulas).
1375 1821 1397 1878 5
1424 1829 1480 1871 27
1505 1833 1513 1861 :
1550 1818 1899 1874 pauperculum,
1919 1817 2149 1874 tegurium

212 1894 324 1951 (for
343 1892 678 1949 pauperimum‚
705 1893 970 1949 tugurium).
1041 1894 1064 1952 5
1099 1908 1186 1950 39:
1218 1893 1427 1950 cogitans
1455 1893 1581 1949 quod
1613 1902 1742 1937 extra
1776 1902 1942 1938 oraret.
2011 1896 2034 1953 5
2060 1907 2147 1951 43:

211 1967 374 2013 timens
395 1968 582 2017 recessit
603 1977 651 2013 et
673 1969 932 2014 retrocessit
953 1985 1025 2014 ne.
1095 1971 1117 2028 5
1154 1971 1211 2023 48
1237 1986 1246 2014 ε
1283 1971 1382 2014 add
1404 1975 1458 2013 at
1487 1970 1582 2014 end
1589 1986 1606 2013 .·
1639 1978 1685 2014 et
1715 1970 1930 2015 libentius
1960 1972 2020 2015 de
2051 1971 2152 2028 ipso

210 2059 349 2102 quam
382 2045 440 2089 de
473 2045 571 2089 aliis
603 2046 908 2101 loquebatur3
950 2046 1072 2089 unde
1106 2061 1197 2090 non
1229 2055 1298 2090 est
1332 2046 1497 2090 mirum
1531 2046 1567 2089 si
1590 2046 1772 2090 territus
1805 2055 1873 2090 est
1895 2047 1956 2091 ad
1989 2061 2152 2091 vocem

213 2123 324 2178 ejus.
391 2124 528 2181 549:
563 2123 799 2179 pecorella.
868 2123 890 2181 5
922 2133 1005 2179 50:
1035 2122 1340 2166 amaritudine
1363 2123 1475 2180 <for
1491 2121 1828 2181 admiratione).
1899 2126 1921 2183 5
1951 2124 2034 2179 56:
2075 2122 2150 2179 qui

214 2212 316 2241 sum
347 2197 460 2241 vilis.
529 2199 551 2256 5
582 2199 668 2255 58:
703 2213 788 2242 om.
826 2197 1165 2243 dominationis.
1241 2200 1264 2259 5
1294 2209 1377 2255 59:
1416 2198 1541 2254 Quid
1573 2198 1695 2242 enim
1725 2199 1880 2243 habeo
1911 2199 2037 2255 quod
2059 2213 2151 2243 non

211 2282 282 2318 est
314 2282 458 2317 tuum.
528 2275 666 2333 563:
704 2274 927 2319 Donatori
961 2273 1071 2333 (for
1098 2274 1406 2332 Dominator).
1474 2277 1498 2334 5
1536 2276 1624 2331 65:
1661 2283 1869 2318 monetas
1904 2277 2006 2320 Deo
2034 2290 2151 2332 quas

213 2349 286 2395 ille
307 2349 370 2394 ibi
392 2359 621 2406 posuerat,
647 2352 722 2395 vel
739 2351 804 2395 sic
824 2367 832 2395 ι
857 2350 934 2408 qui
950 2350 1012 2395 ibi
1034 2365 1113 2396 eas
1127 2359 1358 2408 posuerat.
1428 2354 1451 2412 5
1477 2352 1534 2404 67
1554 2366 1563 2394 ε
1598 2350 1758 2394 Faciet
1775 2350 1898 2394 enim
1915 2352 2152 2408 quoddam

213 2426 423 2470 mirabile
442 2427 567 2482 quod
587 2428 678 2471 tale
711 2441 961 2483 nunquam.
1033 2428 1055 2486 5
1090 2429 1179 2484 69:
1215 2436 1395 2471 montes
1430 2434 1477 2471 et
1504 2427 1643 2472 colles
1674 2426 2030 2483 circumquaque
2063 2427 2150 2471 dis-

218 2510 369 2546 tantes
389 2502 584 2560 amplius
606 2502 679 2562 [cf
702 2505 916 2559 Fioretti,
955 2504 1135 2548 Conszd.
1162 2505 1276 2548 delle
1301 2503 1530 2562 StimateJ.

130 2635 164 2686 ὁ
170 2645 200 2698 7
333 2608 387 2675 (f.
441 2611 561 2677 95V)
618 2609 863 2672 Qualiter
887 2610 1075 2673 frater
1108 2610 1186 2659 M
1180 2628 1360 2661 asseus
1412 2610 1759 2676 investigavit
1789 2608 2149 2660 humilitatem
2164 2624 2295 2664 Actus
2318 2636 2380 2664 10.

225 2697 419 2749 Sancti
455 2699 746 2751 Francisci.

333 2787 475 2839 Cum
506 2788 740 2840 Sanctus
769 2789 814 2840 F
821 2790 1092 2840 ranciscus
1134 2833 1144 2844 .
1192 2830 1202 2841 .
1249 2831 1259 2841 .
1301 2806 1424 2840 cum
1468 2780 1631 2839 fratre
1662 2788 1893 2852 Masse0‚
1924 2792 2148 2855 magna-

223 2875 391 2926 nimi1
451 2877 676 2928 homine
727 2878 888 2929 valde
941 2886 1132 2929 sancto
1185 2880 1277 2946 qui
1318 2909 1463 2917 ---
1506 2878 1763 2929 fundatus
1817 2887 1946 2930 erat.
2054 2878 2149 2930 Ad

225 2979 441 3032 laudem
489 2980 702 3038 Christi.
800 2981 1000 3036 Amen.

337 3085 359 3142 5
382 3097 436 3140 3:
469 3084 621 3128 veniat
641 3092 747 3141 post
768 3093 826 3129 te.
896 3088 918 3145 5
949 3096 1000 3141 5:
1037 3084 1161 3140 quod
1191 3093 1314 3128 totus
1345 3084 1543 3127 mundus
1576 3083 1702 3127 venit
1732 3091 1837 3139 post
1865 3098 1968 3127 me:
2007 3083 2150 3128 oculis

219 3159 492 3205 sanctissimi
530 3159 632 3204 Dei.
716 3163 739 3222 5
778 3161 836 3204 6:
868 3174 960 3203 non
998 3159 1154 3204 vident
1186 3159 1304 3204 inter
1338 3160 1485 3203 malos
1522 3173 1741 3214 magnum
1778 3167 2062 3215 peccatorem
2105 3168 2150 3203 et

220 3235 423 3280 viliorem
444 3244 488 3279 et
510 3235 928 3280 insufficientiorem
952 3250 1026 3279 me
1047 3235 1121 3294 [cf.
1147 3237 1356 3291 Fiorettz'‚
1388 3236 1472 3294 10].
1538 3237 1590 3293 55
1617 3235 1694 3287 7-8
1716 3249 1724 3277 :
1761 3249 1846 3278 om.
1870 3234 1979 3290 quia
2009 3237 2150 3279 stulta

223 3340 280 3346 —-
314 3313 456 3355 Deus.
526 3311 549 3368 5
569 3312 594 3355 8
614 3326 624 3354 :
661 3319 711 3354 ut
731 3311 957 3355 subtilitas
980 3310 1156 3354 virtutis
1180 3311 1250 3356 sit.

134 3410 206 3461 68
339 3405 391 3473 (f.
423 3404 538 3472 96¹)
588 3403 835 3466 Qualiter
856 3412 1067 3454 sanctus
1092 3403 1412 3454 Franciscus
1443 3402 1702 3452 intellexit
1739 3401 1838 3452 illa
1864 3420 1960 3469 que
1969 3404 2155 3469 frater
2163 3416 2295 3455 Actus
2319 3428 2380 3456 11.

227 3495 304 3544 M
298 3512 476 3545 asseus
501 3494 559 3544 in
585 3494 731 3545 corde
754 3492 992 3545 habebat.

814 3635 1036 3684 1Fi0retti,
1060 3647 1123 3684 10,
1146 3640 1170 3659 “
1186 3635 1238 3674 da
1260 3633 1568 3687 Matignan0'’.
