2449 3927
406 180 849 232 FORMERLY
893 181 972 230 IN
1018 181 1185 231 THE
1227 182 1627 235 PHILLIPPS
1670 183 2017 234 LIBRARY
2104 196 2173 247 39

366 330 416 401 (ξ
475 333 592 399 18):
635 331 780 381 Nam
823 331 1061 397 quodam
1108 339 1371 398 tempore,
1425 333 1556 384 dum
1598 335 1713 399 ipse
1754 334 1821 384 de
1867 335 1985 386 1000
2032 351 2176 387 100ον

253 420 423 482 deret,
451 438 588 471 unus
616 437 742 470 suus
783 421 1022 470 novitius
1064 421 1165 471 fuit
1207 423 1538 487 inpugnatus
1579 440 1609 472 a
1650 421 1882 472 demone
1923 430 1982 473 ut
2023 440 2178 489 apos-

253 518 450 560 tataret
477 510 546 560 ab
584 509 805 572 ordine;
845 511 1121 559 consensit
1162 518 1346 560 autem
1388 512 1734 577 temptationi
1774 511 1877 561 hoc
1918 520 2077 577 pacto
2118 520 2179 562 ut

251 600 423 666 [cum]
463 600 624 650 frater
675 599 948 665 Johannes
1000 607 1355 650 reverteretur
1419 601 1489 651 ad
1542 601 1735 662 locum,
1796 602 1982 651 statim
2035 602 2178 651 viam

250 689 574 755 egressionis
625 690 895 755 arriperet.
997 690 1136 742 Cum
1178 698 1360 741 autem
1410 691 1469 742 fr.
1527 690 1805 753 Johannes
1860 690 2048 742 fuisset
2103 708 2179 740 re-

253 798 452 843 versuS,
504 782 690 832 statim
744 781 957 830 vocavit
1004 779 1209 830 dictum
1257 781 1544 842 novicium,
1601 780 1816 830 dicens:
1877 779 2041 841 Audi,
2088 779 2182 841 fili,

255 873 402 936 prius
440 871 564 922 volo
603 868 751 937 quod
791 868 1110 921 confitearis,
1193 870 1414 921 Etcum
1449 871 1563 932 iret,
1610 869 1753 921 dixit
1782 870 1839 920 fr.
1871 869 2181 935 Johannes:

255 959 404 1011 Audi
435 978 532 1023 me,
561 959 654 1020 fili,
683 960 843 1025 prius.
929 958 1002 1009 Et
1031 968 1160 1010 tunc
1206 959 1391 1010 retulit
1421 960 1521 1010 sibi
1551 968 1726 1010 totam
1755 960 2180 1024 temptationem

256 1068 426 1102 suam.
509 1051 582 1101 Et
619 1049 790 1100 dixit:
834 1048 977 1114 Quia
1004 1051 1309 1115 expectasti
1340 1066 1428 1100 me
1456 1060 1510 1100 et
1538 1050 1760 1100 noluisti
1789 1048 2041 1099 recedere
2070 1050 2184 1099 sine

256 1140 632 1191 benedictione
661 1157 792 1201 mea,
824 1140 975 1190 Deus
1006 1139 1129 1190 fecit
1157 1140 1253 1190 tibi
1282 1139 1420 1189 hanc
1454 1140 1684 1205 gratiam
1713 1138 1861 1205 quod
1903 1155 2183 1204 nunquam

255 1229 322 1280 de
374 1231 480 1279 isto
532 1229 723 1280 ordine
776 1229 971 1291 exibiS,
1010 1237 1065 1279 et
1117 1230 1171 1279 in
1225 1230 1333 1279 isto
1387 1228 1577 1279 ordine
1630 1245 1751 1278 cum
1808 1227 2185 1279 benedictione

255 1320 479 1370 Domini
509 1320 762 1370 morieris,
848 1317 922 1372 Et
961 1328 1092 1370 tunc
1133 1318 1311 1369 dictus
1353 1320 1595 1369 novicius
1637 1318 1988 1369 confirmatus
2020 1325 2103 1368 est
2132 1318 2185 1368 in

252 1410 395 1461 bona
435 1411 717 1461 voluntate
757 1419 812 1461 et
853 1409 1076 1461 effectus
1115 1418 1200 1460 est
1228 1417 1447 1460 sanctus
1477 1409 1650 1460 frater.
1733 1408 1807 1459 Et
1847 1409 2032 1459 omnia
2072 1425 2188 1474 pre-

253 1496 397 1547 dicta
445 1497 628 1548 retulit
677 1494 858 1548 fratri1
924 1496 1207 1562 Hugolino
1254 1497 1373 1561 ipse
1419 1496 1478 1547 fr.
1528 1495 1819 1560 JohanneS.

370 1583 460 1656 [ἐξ
493 1601 659 1651 22-14
685 1607 694 1638 :
736 1604 801 1637 no
828 1587 1031 1637 notable
1055 1586 1369 1654 dz’fferenca]

369 1675 420 1748 (ξ
454 1679 578 1745 25);
620 1675 727 1742 Qui
769 1693 892 1727 cum
933 1677 1186 1743 elegisset
1234 1684 1444 1742 septem
1488 1675 1621 1737 dies,
1663 1675 1845 1726 subito
1887 1673 2188 1725 infirmatus

254 1774 338 1817 est
366 1765 675 1817 infirmitate
703 1766 1002 1833 multiplici.
1092 1766 1235 1816 Nam
1264 1782 1388 1816 cum
1417 1765 1654 1816 febribus
1675 1781 1888 1815 necnon
1907 1764 2188 1815 doloribus

254 1864 308 1908 et
355 1855 599 1922 podagra
639 1864 693 1907 et
731 1865 1017 1923 ,tyrragrua
1059 1857 1121 1924 (Ρ)
1163 1855 1501 1907 torcionibus
1547 1856 1783 1922 yliorum
1826 1863 1881 1906 et
1921 1855 2190 1921 angustiis

255 1945 497 1998 ulcerum
528 1955 581 1997 et
609 1947 791 1998 multis
818 1947 939 1997 aliis
967 1946 1319 2013 languoribus
1349 1946 1736 2012 torquebatur3
1776 1952 1832 1996 et
1860 1944 2007 2012 quod
2034 1944 2190 2011 pejus

255 2037 511 2088 omnibus
540 2044 668 2100 erat,
697 2037 919 2104 quidam
950 2037 1223 2102 malignus
1251 2037 1474 2102 spiritus
1502 2043 1630 2088 ante
1658 2035 1849 2087 faciem
1873 2035 1989 2100 ejus
2011 2034 2191 2086 stabat

255 2128 348 2194 qui
377 2127 600 2178 tenebat
630 2144 885 2195 magnam
914 2135 1118 2178 cartam
1149 2128 1405 2193 scriptam
1434 2143 1557 2177 cum
1587 2126 1841 2176 omnibus
1869 2125 2041 2191 culpis
2065 2125 2191 2185 suiS‚

255 2225 309 2268 et
337 2216 556 2268 dicebat
584 2218 662 2268 ei:
702 2219 928 2283 Propter
956 2218 1057 2268 ista
1085 2234 1192 2283 que
1220 2217 1473 2283 cogitasti
1501 2224 1556 2266 et
1586 2215 1758 2266 fecisti
1786 2214 2076 2265 damnatus
2117 2229 2186 2265 es,

257 2306 332 2358 Et
360 2307 474 2373 ipse
503 2307 744 2359 infirmus
786 2308 990 2358 oblitus
1031 2315 1147 2358 erat
1175 2308 1356 2357 omnis
1395 2306 1524 2357 boni
1555 2305 1705 2372 quod
1733 2305 1949 2367 fecerat,
1978 2321 2076 2355 nec
2116 2321 2193 2354 re-

257 2396 585 2449 cordabatur
624 2397 773 2464 quod
814 2406 956 2448 esset
996 2398 1081 2448 vel
1125 2397 1311 2447 fuisset
1342 2397 1396 2446 in
1423 2395 1626 2458 ordine,
1656 2395 1750 2445 sed
1792 2396 1868 2446 ita
1910 2412 1968 2444 se
2007 2393 2193 2444 existi-

260 2488 455 2539 mabat.
539 2487 701 2539 Unde
742 2505 867 2540 curn
911 2488 1335 2554 interrogaretur
1375 2504 1405 2537 a
1447 2502 1796 2552 quocumque
1823 2482 2103 2551 quomodo
2137 2499 2193 2534 se

260 2577 499 2640 haberet,
528 2577 839 2644 respondit:
882 2577 1045 2639 Male,
1073 2578 1200 2644 quia
1229 2576 1518 2627 damnatus
1548 2593 1681 2627 sum.

377 2666 592 2717 Fratres
614 2675 795 2718 autem
818 2668 920 2718 hoc
941 2667 1193 2718 videntes
1216 2668 1482 2717 miserunt
1503 2682 1601 2732 pro
1630 2666 1686 2716 fr.
1715 2664 1938 2715 Matheo
1964 2663 2195 2728 antiquo

263 2756 330 2807 de
386 2757 578 2808 Monte
635 2758 890 2808 Rubiano
942 2758 1034 2824 qui
1082 2757 1180 2807 fuit
1219 2756 1377 2807 valde
1420 2763 1639 2806 sanctus
1681 2755 1864 2816 homO,
1907 2761 1961 2803 et
2002 2753 2087 2802 hic
2132 2752 2191 2802 fr·

262 2846 570 2911 Johannem
600 2848 790 2897 intime
816 2846 1092 2913 diligebat.
1176 2847 1349 2898 Venit
1377 2853 1560 2896 autem
1591 2844 1660 2895 ad
1689 2861 1813 2894 eum
1843 2844 2077 2909 septimo
2105 2840 2195 2892 die

264 2935 647 2996 tribulationis,
679 2945 733 2987 et
763 2937 1007 2988 salutans
1049 2953 1174 2986 eum
1215 2935 1392 2986 dixit:
1434 2933 1729 3001 Quomodo
1770 2941 1852 2983 est
1893 2932 2011 2993 tibi,
2037 2931 2196 2981 caris-

266 3027 437 3076 sime?
517 3026 829 3092 Respondit
872 3026 991 3077 ille:
1036 3026 1198 3088 Male,
1226 3027 1355 3092 quia
1384 3041 1506 3075 sum
1547 3024 1852 3074 damnatus,
1934 3021 2009 3072 Et
2050 3019 2194 3071 dixit

267 3117 323 3168 fr.
371 3115 629 3166 Matheus
673 3115 728 3167 fr.
770 3115 1040 3181 Johanni:
1082 3115 1212 3165 Non
1255 3114 1552 3165 recordaris
1594 3121 1653 3164 tu
1702 3111 1850 3179 quod
1891 3111 2196 3176 frequenter

267 3205 429 3256 michi
476 3206 755 3255 confessus
804 3205 969 3267 fuisti,
1015 3213 1070 3255 et
1109 3220 1213 3270 ego
1254 3206 1465 3270 integre
1505 3211 1559 3254 te
1601 3202 1850 3253 absolvi?
1956 3199 2084 3250 Non
2117 3216 2196 3250 re-

265 3294 500 3346 cordaris
522 3296 684 3345 etiam
707 3295 856 3361 quod
881 3295 1066 3347 multis
1088 3295 1243 3344 annis
1267 3295 1320 3344 in
1344 3292 1536 3343 ordine
1555 3293 1676 3342 Deo
1694 3290 1992 3341 servivisti?
2073 3289 2197 3340 Pre-

384 3451 399 3476 1
417 3452 511 3513 MS.
534 3455 695 3503 repeats
725 3451 840 3490 fratri
862 3452 984 3491 twice
1000 3468 1012 3492 :
1045 3450 1229 3502 tlzefirst
1249 3452 1298 3489 fri
1317 3451 1352 3489 is
1383 3450 1550 3489 altered
1566 3448 1686 3500 from
1716 3445 1950 3497 something
1980 3446 2075 3493 else,
2101 3448 2194 3497 pro-

271 3533 393 3584 bably
434 3520 492 3598 ‘2’
523 3534 609 3571 and
631 3533 726 3572 then
746 3532 911 3571 crossed
931 3537 1002 3572 out
1024 3534 1071 3583 by
1096 3531 1164 3571 the
1183 3532 1437 3571 rubricator.
