2449 3927
286 193 728 246 FORMERLY
769 193 850 244 IN
894 192 1059 243 THE
1101 190 1506 243 PHILLIPPS
1551 188 1906 241 LIBRARY
1994 202 2101 251 109

163 346 419 412 magister
444 376 516 383 ——-
547 353 601 396 et
628 345 731 396 hoc
760 343 1144 411 fact0‚aufugit.
1259 343 1358 393 Ille
1397 350 1581 393 autem
1625 340 1928 406 predicator
1956 339 2104 390 illico

162 430 420 481 liberatus
447 439 531 482 est
559 431 627 481 ab
656 430 804 480 omni
846 429 1210 495 temptatione
1249 427 1506 493 predicta,
1535 427 1653 477 viso
1689 434 1803 476 tam
1827 423 2103 491 stupendo

160 527 215 570 et
260 536 407 571 novo
461 520 737 570 miraculo.
820 519 897 569 Et
951 534 1075 569 cum
1128 516 1406 567 didicisset
1458 516 1611 566 illum
1667 515 1831 565 fuisse
1883 513 2100 564 fratrem

162 608 438 675 Egidium,
480 617 690 660 tantam
738 607 1092 658 devotionem
1139 607 1390 672 concepit
1437 604 1506 656 ad
1555 606 1747 671 ipsum,
1791 603 1942 670 quod
1984 611 2099 654 tam

161 690 342 764 ipsum
382 716 549 766 quam
590 697 839 749 ordinem
889 696 1206 749 mirabiliter
1252 695 1569 747 extollebat.
1649 693 1743 745 Ad
1787 693 2004 745 laudem
2047 701 2101 744 et

161 788 393 854 gloriam
417 788 643 838 Domini
666 788 836 838 nostri
862 787 990 853 Jesu
1022 786 1223 839 Christi
1252 786 1345 852 qui
1375 793 1457 836 est
1485 784 1802 835 benedictus
1826 784 1880 833 in
1903 782 2097 834 secula.

162 877 364 930 Amen.

278 1023 331 1082 §g
356 1034 430 1077 2-3
453 1037 462 1064 ε
499 1022 560 1064 Et
585 1020 689 1065 ideo
715 1035 817 1065 cum
852 1020 1031 1064 audiret
1062 1020 1189 1077 quod
1222 1020 1363 1064 frater
1395 1018 1591 1075 Egidius
1625 1026 1721 1062 erat
1743 1019 1884 1061 homo
1905 1018 2100 1060 multum

163 1098 444 1142 illuminatus
483 1112 512 1141 a
550 1100 667 1153 Deo,
709 1097 773 1142 ita
809 1097 934 1154 quod
977 1098 1240 1153 frequenter
1283 1095 1330 1139 in
1374 1095 1544 1139 mentis
1588 1094 1854 1151 rapiebatur
1896 1107 2101 1148 excessu,

163 1174 487 1219 determinavit
509 1173 555 1218 in
577 1175 718 1218 corde
751 1189 835 1217 suo
867 1174 930 1217 ad
964 1173 1117 1231 ipsum
1152 1173 1388 1227 accedere,
1425 1172 1660 1216 confidens
1684 1186 1712 1215 a
1735 1169 1814 1214 tali
1850 1169 1991 1213 dubio
2024 1184 2104 1226 per

164 1252 306 1296 talem
341 1250 579 1295 hominem
615 1249 823 1295 divinum
861 1250 1053 1294 firmiter
1085 1248 1282 1293 liberari.
1360 1250 1478 1292 Cum
1515 1262 1624 1304 ergo
1662 1246 1840 1290 veniret
1880 1246 1939 1289 ad
1977 1260 2101 1301 eum,

163 1328 303 1371 frater
339 1325 538 1383 Egidius
571 1362 580 1371 .
617 1361 627 1370 .
664 1362 673 1371 .
708 1325 998 1383 presentiens
1038 1325 1082 1369 in
1122 1324 1296 1382 spiritu,
1338 1333 1588 1380 antequam
1626 1323 1874 1381 quicquam
1908 1322 1983 1365 ille
2016 1320 2101 1365 sibi

162 1402 336 1447 diceret
357 1402 562 1447 obviavit
584 1402 639 1446 ei.
707 1404 768 1446 Et
790 1410 953 1446 tenens
975 1402 1194 1445 baculum
1215 1400 1262 1444 in
1285 1415 1437 1455 manu,
1462 1400 1723 1457 percutiens
1748 1407 1928 1452 terram,
1955 1397 2080 1441 dixit.

36 1579 65 1616 2
79 1580 98 1617 1
110 1567 143 1616 6
274 1552 328 1619 (f,
359 1565 378 1602 1
395 1554 503 1619 53¹)
542 1552 629 1602 De
642 1551 870 1619 quodam
888 1548 1126 1602 mirabili
1142 1549 1349 1600 consilio
1368 1550 1510 1617 quod
1517 1549 1663 1600 dedit
1663 1549 1853 1614 frater
1868 1547 2102 1614 Egz‘dz'us
2117 1568 2250 1608 Actus
2270 1579 2337 1620 47·

152 1642 333 1705 fratri
341 1642 392 1710 J
389 1641 536 1693 acobo
561 1642 625 1692 de
651 1641 864 1695 Massa.

275 1732 466 1783 Frater
487 1731 727 1798 Jacobus
756 1730 824 1782 de
854 1731 1036 1782 Massa
1063 1738 1282 1781 sanctus
1310 1729 1477 1780 homo
1500 1759 1572 1767 -—
1601 1736 1872 1796 quantum
1905 1733 2098 1793 potest,

162 1824 205 1873 si
234 1823 351 1873 vult
390 1821 540 1888 quod
579 1822 755 1888 gratia
796 1819 1139 1871 custodiatur
1177 1827 1231 1870 et
1269 1828 1492 1872 crescat.
1573 1819 1667 1870 Ad
1710 1816 1927 1868 laudem
1956 1816 2099 1884 (etc).

281 1951 304 2008 ξ
336 1964 383 1997 1:
418 1966 505 1995 om.
533 1965 729 2008 capere3
768 1951 789 2008 ξ
817 1964 841 2006 3
864 1966 872 1993 :
907 1947 1242 2006 gratiosissima
1266 1948 1380 2008 (sor
1396 1948 1762 2009 gloriosissima).

1081 2141 1182 2208 [V]

37 2302 143 2354 217
275 2285 332 2352 (f.
384 2287 688 2353 1531-160V)
727 2284 924 2351 Inczpz't
959 2286 1075 2336 vita
1103 2286 1315 2350 fratris
1360 2282 1589 2352 Rogerz'z'
1625 2281 1741 2335 viri
1773 2284 2107 2336 sanctissimi
2117 2309 2189 2362 Cf,
2211 2309 2420 2350 Analecta

147 2375 328 2441 primo
353 2375 490 2426 sicut
512 2375 620 2441 zpse
645 2374 852 2427 dicebat.
2114 2364 2407 2469 331-1333JH„

172 2490 537 2593 FRATER
604 2494 878 2560 Rogerius
934 2511 1027 2560 per
1094 2494 1481 2549 revelationem
1543 2494 1764 2544 intravit
1830 2492 2095 2544 ordinem.

344 2583 545 2635 Statim
586 2592 768 2635 autem
811 2586 885 2635 ita
926 2585 1163 2651 perfecte
1202 2591 1285 2635 est
1330 2600 1624 2634 conversus
1661 2591 1716 2634 et
1758 2591 2000 2634 mutatus
2041 2590 2101 2634 ut

163 2691 287 2724 vere
327 2691 426 2740 pro
466 2692 532 2725 eo
573 2676 746 2741 possit
786 2673 889 2724 dici
930 2675 1059 2741 quia
1098 2674 1198 2725 hec
1237 2682 1321 2725 est
1357 2674 1588 2724 imitatio
1617 2673 1843 2724 dextere
1872 2673 2092 2723 excelsi.

163 2762 375 2813 Dicitur
402 2771 586 2814 autem
614 2780 738 2814 eum
769 2763 1055 2814 dominum
1085 2763 1413 2829 processisse
1442 2763 1555 2813 sive
1582 2764 1757 2830 egisse
1794 2763 1932 2813 sicut
1970 2779 2096 2812 cum

165 2851 373 2917 angelis
407 2870 472 2903 eo
507 2852 657 2919 quod
694 2870 806 2905 non
844 2854 1079 2904 multum
1118 2861 1244 2919 post
1280 2853 1692 2904 conversionem
1734 2868 1888 2924 suam
1915 2870 1945 2902 a
1975 2851 2097 2902 Deo

167 2942 402 3009 graviter
423 2942 589 2992 semel
606 2943 863 3008 temptari
887 2943 1183 3008 permissus
1204 2949 1299 2994 est.
1372 2941 1515 3008 Quia
1539 2943 1679 2992 sicut
1700 2942 1929 3007 ipsemet
1952 2940 2096 2992 dixit

166 3031 248 3081 bis
275 3031 361 3082 vel
390 3038 472 3082 ter
498 3025 793 3082 confessori
824 3049 940 3094 su0‚
969 3039 1023 3082 et
1051 3049 1266 3098 semper
1293 3039 1537 3082 tremens
1563 3039 1618 3082 et
1646 3047 1850 3097 pavens
1877 3048 1950 3080 ex
1978 3030 2093 3081 sola

163 3120 555 3183 recordatione3
584 3120 737 3186 quod
773 3137 883 3171 non
922 3129 1108 3187 posset
1136 3138 1254 3172 esse
1281 3120 1380 3171 sub
1410 3120 1533 3171 Deo
1572 3120 1744 3185 major
1778 3120 2089 3185 temptatio,

165 3211 366 3261 Divino
395 3218 577 3261 autem
607 3211 816 3260 auxilio
842 3212 971 3262 vicit
1009 3210 1178 3262 homo
1216 3211 1318 3262 ille.
1404 3211 1516 3261 Iste
1554 3212 1699 3260 enim
1741 3218 1856 3260 erat
1898 3209 2094 3260 modus

163 3318 291 3352 suus
340 3298 598 3366 loquendi
645 3316 769 3350 cum
818 3299 888 3350 de
934 3317 992 3350 se
1024 3300 1376 3366 loquebatur.
1477 3299 1626 3350 Vicit
1671 3299 1896 3365 inquam
1944 3299 2091 3350 illam

163 3390 599 3456 temptationem,
629 3396 754 3455 post
783 3389 934 3454 cujus
972 3389 1267 3451 victoriam,
1300 3390 1438 3440 sicut
1465 3390 1581 3455 ipse
1619 3387 1838 3438 dicebat
1865 3396 2017 3439 tanta
2044 3390 2092 3439 ei

162 3488 216 3531 et
256 3481 311 3531 in
352 3488 508 3531 tanta
549 3479 706 3544 copia
747 3479 947 3529 collata
989 3487 1072 3529 est
1111 3479 1286 3544 gratia
1321 3477 1472 3544 quod
1514 3495 1793 3543 nunquam
1836 3477 2092 3544 deinceps

163 3571 344 3636 potuit
368 3586 589 3636 peccare
607 3567 1129 3619 mortaliter—unde
1151 3576 1370 3634 propter
1389 3568 1492 3619 hoc
1513 3568 1831 3618 miraculum
1848 3567 2094 3634 quolibet
