2449 3927
185 199 253 250 34
308 184 834 237 DESCRIPTION
862 185 962 235 OF
983 183 1037 236 A
1067 183 1571 235 FRANCISCAN
1599 181 2107 233 MANUSCRIPT

184 337 413 387 orationi
440 345 654 387 vacaret
682 337 735 387 in
765 336 885 386 loco
913 336 1148 386 solitario
1176 343 1230 385 et
1251 334 1479 397 desertO,
1510 335 1651 385 facta
1679 342 1762 389 est
1797 349 1958 398 super
1986 348 2110 382 eum

185 443 378 477 manus
406 426 649 487 Domini,
677 434 732 476 et
760 426 968 492 positus
1010 426 1064 476 in
1092 426 1269 475 extasi
1295 424 1432 475 vidit
1472 425 1711 475 animam
1753 422 2001 489 germani
2029 421 2109 471 sui

186 517 239 566 in
268 516 384 566 celo
411 517 525 566 sine
552 515 734 582 aliqua
756 514 1122 565 retardatione
1143 513 1525 565 conscendere.
1609 512 1898 563 Revolutis
1927 519 2110 561 autem

188 605 373 656 multis
401 605 556 655 annis
584 605 748 656 frater
774 605 866 671 qui
894 604 1114 654 vivebat
1142 604 1316 655 factus
1346 612 1427 654 est
1455 603 1522 655 de
1552 603 1754 654 familia
1782 601 2112 652 suffitientis-

118 696 126 699 “
187 696 356 746 51111115
384 694 480 762 (sic
497 696 556 762 J),
585 695 677 745 ubi
698 711 987 760 germanus
1018 693 1296 760 quondam
1320 694 1563 760 sepultus
1604 694 1876 743 extiterat.
1959 690 2114 741 Tunc

115 2668 187 2731 48

187 802 315 835 vero
357 785 545 835 fratres
585 783 656 834 ad
696 785 1017 849 petitionem
1058 783 1404 834 dominorum
1447 783 1516 833 de
1557 782 1868 832 Brunfortio
1909 781 2113 832 dictum

190 875 370 926 locum
413 873 640 925 Suffiani
682 874 736 923 in
778 873 953 924 locum
996 874 1163 924 alium
1206 881 1567 935 mutaverunt,
1615 875 1692 923 ita
1732 870 1882 938 quod
1924 871 2115 921 fratres

188 963 584 1015 transtulerunt
638 963 753 1013 illas
807 971 1119 1014 sanctorum
1174 963 1396 1013 fratrum
1459 963 1725 1028 reliquiaS,
1783 963 1925 1011 inter
1978 976 2115 1027 quas

187 1070 312 1105 cum
354 1053 424 1103 ad
463 1053 798 1118 sepulturam
840 1054 1084 1118 germani
1129 1051 1259 1102 dicti
1302 1052 1477 1102 fratris
1516 1052 1809 1111 venissent,
1861 1050 1950 1101 ille
1996 1067 2116 1099 ossa

188 1144 434 1210 germani
474 1144 556 1193 sui
595 1144 801 1208 accepit
840 1151 893 1192 et
922 1159 1046 1193 cum
1087 1144 1214 1193 vino
1257 1143 1468 1208 optimo
1510 1141 1641 1192 lavit
1683 1149 1737 1191 et
1779 1141 2021 1206 reposuit
2064 1141 2117 1189 in

189 1234 312 1284 alba
358 1232 574 1283 tobalea
616 1240 670 1283 et
714 1233 945 1283 osculari
986 1249 1107 1283 cum
1154 1233 1328 1282 multa
1369 1231 1661 1282 devotione
1701 1248 1811 1282 non
1853 1229 2112 1281 cessabat.

192 1323 407 1374 Fratres
448 1330 630 1373 autem
673 1322 742 1372 de
781 1322 884 1372 hoc
914 1322 1246 1373 mirabantur
1271 1330 1327 1372 et
1361 1322 1515 1388 quasi
1555 1321 1946 1387 despiciebant,
1977 1321 2120 1386 quia,

190 1429 312 1463 cum
340 1419 482 1462 esset
511 1428 707 1476 magne
734 1412 1048 1473 531101113115,
1078 1410 1366 1461 videbatur
1388 1410 1585 1461 affectu
1615 1410 1853 1460 sensibili
1891 1416 1944 1459 et
1973 1426 2120 1459 secu-

193 1502 288 1552 lari
319 1500 482 1552 modo
520 1501 741 1567 plorare.
826 1501 902 1551 Et
943 1502 1162 1566 insuper
1204 1501 1511 1578 allegabant
1551 1499 1700 1567 quod
1741 1517 1865 1550 ossa
1905 1499 2122 1549 illorum

193 1588 417 1639 fratrum
449 1588 609 1637 nimis
639 1594 794 1637 erant
823 1586 1009 1653 digma
1038 1586 1244 1637 honore
1271 1604 1437 1653 quam
1468 1587 1571 1637 illa.
1656 1585 1867 1652 Quibus
1909 1585 1999 1635 ille
2026 1585 2124 1636 hu-

195 1677 397 1728 militer
423 1677 759 1737 satisfaciens
787 1677 894 1727 ait:
936 1677 1151 1727 Fratres
1181 1678 1287 1728 mei
1316 1677 1605 1738 karissimi,
1631 1692 1742 1726 non
1785 1676 2052 1726 miremini
2081 1677 2124 1726 si

193 1767 404 1818 ossibus
445 1768 687 1832 germani
728 1768 834 1817 mei
875 1767 972 1817 feci
1000 1766 1151 1832 quod
1194 1784 1304 1817 non
1334 1766 1431 1817 feci
1473 1766 1606 1817 aliis,
1688 1766 1765 1816 Et
1807 1765 2124 1816 benedictus

197 1856 351 1908 Deus
378 1857 504 1923 quia
533 1873 642 1906 non
673 1873 774 1917 me,
803 1864 862 1906 ut
905 1857 1125 1921 91113115,
1167 1857 1338 1907 traxit
1380 1856 1688 1918 carnalitaS,
1720 1854 1817 1905 sed
1857 1856 1962 1906 hoc
2003 1855 2126 1906 ideo

198 1946 297 1997 feci
325 1947 471 2013 quia,
499 1945 720 2012 quando
750 1945 912 1996 frater
941 1962 1093 1996 meus
1124 1947 1376 2012 migravit
1408 1944 1478 1996 ad
1507 1945 1814 1996 Dominum
1856 1963 1886 1996 a
1927 1945 2125 2011 seculo,

197 2036 328 2088 dum
371 2053 580 2087 orarem
624 2037 678 2086 in
720 2036 838 2086 loco
881 2036 1097 2086 deserto
1139 2045 1191 2087 et
1233 2045 1443 2086 remoto
1471 2037 1539 2086 ab
1568 2038 1701 2102 ipso,
1730 2036 1841 2086 vidi
1882 2037 2124 2088 animam

197 2124 311 2189 ejus
358 2132 506 2174 certo
550 2123 770 2173 tramite
815 2124 871 2172 in
914 2123 1089 2173 celum
1130 2122 1513 2185 conscendere,
1555 2124 1630 2173 ita
1669 2122 1818 2189 quod
1862 2123 1962 2173 ista
2003 2140 2127 2173 ossa

199 2220 325 2264 sunt
365 2220 552 2264 sancta
592 2220 646 2262 et
686 2210 888 2262 debent
928 2229 1046 2262 esse
1086 2213 1140 2262 in
1183 2211 1454 2278 paradyso
1496 2211 1615 2266 Dei.
1725 2212 1802 2262 Et
1842 2226 2126 2278 propterea

201 2303 337 2354 facio
379 2303 480 2352 ista
520 2319 626 2368 que
672 2302 899 2351 cernitis,
1008 2301 1223 2352 Fratres
1266 2309 1449 2352 autem
1490 2301 1741 2352 videntes
1789 2301 1906 2366 ejus
1948 2303 2121 2352 inten-

201 2393 409 2443 tionem
439 2391 696 2442 devotam
725 2390 883 2441 valde
913 2390 1146 2441 edificati
1185 2391 1401 2441 fuerunt
1442 2398 1494 2441 et
1537 2390 1893 2442 laudaverunt
1923 2391 2122 2453 Deum,

202 2483 296 2550 qui
350 2481 476 2532 facit
522 2489 637 2531 tam
692 2496 889 2546 magna
945 2480 1208 2546 mirabilia
1262 2481 1463 2531 sanctis
1530 2481 1651 2532 suis,
1758 2479 1849 2531 Ad
1904 2480 2119 2531 laudem

206 2572 420 2624 Christi.
502 2571 700 2622 Amen.

321 2661 374 2728 (f.
420 2662 531 2728 821)
570 2661 656 2712 De
664 2661 847 2725 fratre
875 2660 1101 2726 Symone
1126 2660 1187 2710 de
1211 2660 1421 2711 Assz'sz'o
1449 2669 1498 2711 et
1521 2661 1765 2711 mirabili
1785 2663 1897 2711 vita
1923 2663 2045 2714 eius,

324 2751 387 2801 In
429 2751 690 2816 principio
732 2751 900 2800 nostri
940 2750 1153 2812 ordiniS‚
1187 2767 1311 2801 cum
1350 2750 1527 2801 adhuc
1564 2760 1784 2802 sanctus
1813 2752 2128 2803 Franciscus

207 2842 425 2902 viveret,
476 2842 625 2891 venit
681 2840 749 2891 ad
803 2840 1048 2891 ordinem
1098 2841 1309 2906 juvenis
1362 2840 1587 2908 quidam
1641 2840 1709 2892 de
1761 2841 1990 2905 Assisio,
2037 2844 2128 2908 qui

209 2939 433 2983 vocatus
461 2930 633 2982 fuerat
661 2931 823 2982 frater
851 2930 1074 2997 Symon.
1161 2931 1325 2982 Hunc
1353 2939 1505 2982 tanta
1533 2932 1707 2998 gratia
1736 2932 2131 2983 benedictionis

212 3030 267 3074 et
307 3021 608 3074 dulcedinis
645 3022 887 3087 prevenit
916 3022 1193 3072 Dominus
1223 3022 1376 3072 Deus
1404 3022 1713 3086 altissimuS,
1743 3030 1796 3073 et
1823 3022 1893 3074 ad
1921 3031 2130 3073 tantam

211 3112 733 3178 contemplationem
783 3119 835 3162 et
881 3112 1240 3162 elevationem
1289 3113 1486 3162 mentis
1533 3112 1782 3174 adduxit,
1822 3112 1971 3180 quod
2017 3121 2133 3164 tota

214 3204 323 3253 vita
350 3203 517 3269 ipsius
545 3209 659 3252 erat
692 3202 972 3267 speculum
996 3203 1317 3264 531101113115,
1342 3203 1481 3253 510111
1509 3202 1689 3253 audivi
1711 3203 1779 3254 ab
1802 3203 1904 3253 illis
1927 3204 2018 3269 qui
2041 3203 2131 3253 diu

215 3308 396 3343 secum
419 3293 613 3342 morati
636 3300 773 3343 sunt.
854 3291 961 3341 Hic
984 3291 1251 3341 rarissime
1271 3299 1429 3341 extra
1451 3292 1642 3342 cellam
1661 3309 1815 3342 suam
1832 3292 2129 3343 videbatur.

217 3380 274 3432 Si
320 3379 541 3447 quando
590 3388 755 3431 staret
795 3397 919 3431 cum
963 3380 1231 3443 fratribus,
1275 3398 1488 3446 semper
1529 3389 1644 3431 erat
1685 3381 1944 3432 sollicitus
1989 3399 2045 3431 se
2078 3382 2132 3431 in

218 3470 410 3520 divinis
428 3470 710 3536 colloquiis
731 3487 996 3521 exercere.
1071 3470 1177 3520 Hic
1197 3487 1476 3537 nunquam
1498 3472 1914 3537 grammaticam
1932 3471 2131 3532 didicit,

218 3559 311 3610 sed
353 3576 564 3625 semper
591 3560 1011 3610 conversabatur
1047 3560 1101 3609 in
1130 3560 1305 3624 silvis;
1347 3568 1400 3610 et
1429 3569 1613 3611 tamen
1643 3569 1756 3611 tarn
1785 3560 2055 3626 profunde
2081 3569 2134 3612 et

2143 2663 2292 2712 [Actus
2312 2673 2375 2714 73.

2146 2717 2332 2765 Fioretti,
2352 2717 2441 2767 41.]1
