2449 3927
303 183 741 236 FORMERLY
782 182 864 233 IN
908 182 1069 233 THE
1112 178 1511 231 PHILLIPPS
1556 175 1906 228 LIBRARY
1990 186 2089 236 103

51 343 151 397 197
285 336 338 402 (f.
379 337 529 403 133V)
575 334 821 398 Qualiter
855 334 1079 400 quedam
1118 332 1230 383 ovis
1255 331 1390 396 fecit
1424 328 1727 397 agniculum
1767 323 2447 395 [mortuu7n]111.Ce1.ii.‚77.

170 443 323 493 quem
350 425 608 487 interfecit
629 424 831 492 scrqffa.

284 514 539 580 Quodam
559 522 802 580 tempore
820 529 943 563 cum
962 519 1104 562 esset
1125 511 1435 576 hospitatus
1452 509 1500 559 b.
1525 507 1846 558 Franciscus
1864 502 2103 571 quadam

173 613 334 656 nocte
375 603 521 671 apud
564 603 960 654 monasterium
1003 602 1175 652 sancti
1219 598 1485 650 Recundii
1526 597 1639 664 (sic)
1680 595 1749 646 de
1787 596 2105 661 episcopatu

177 694 428 762 Eugubii,
469 695 522 744 in
564 694 654 744 illa
694 701 853 744 nocte
900 693 1015 742 ovis
1064 708 1188 753 una,
1238 706 1346 756 que
1391 697 1506 739 erat
1554 689 1609 737 in
1656 685 1895 752 quadam
1940 683 2107 734 domo

171 785 334 850 juxta
355 784 582 836 domum
605 783 695 833 ubi
720 782 977 832 manebat
999 781 1047 833 b.
1073 781 1412 840 FranciscuS,
1435 778 1559 828 fecit
1586 775 1897 843 agniculum
1922 790 2108 834 unum,

177 877 341 942 quem
383 873 650 925 interfecit
690 874 746 923 in
788 871 978 922 eadem
1020 878 1180 921 nocte
1221 868 1459 936 quedam
1501 865 1708 928 scroffa‚
1755 881 1862 931 que
1901 871 2017 913 erat
2058 862 2111 912 in

180 965 369 1017 eadem
399 963 579 1014 domo,
661 962 912 1028 Cumque
941 977 1098 1010 mane
1127 959 1493 1010 surrexissent
1519 957 1767 1007 homines
1795 953 1934 1004 illius
1958 969 2114 1002 mon-

181 1055 358 1107 asterii
387 1055 710 1104 invenerunt
738 1050 1049 1117 agniculum
1090 1057 1365 1099 mortuum
1395 1053 1787 1113 cognoscentes
1814 1061 1936 1094 vere
1963 1041 2113 1109 quod

183 1144 374 1196 scroffa
415 1143 772 1194 interfecisset
819 1159 943 1192 eum
991 1149 1046 1191 et
1094 1139 1348 1190 dicebant
1393 1138 1498 1188 hoc
1546 1136 1612 1188 ad
1655 1136 1905 1186 invicem.
1989 1132 2115 1199 Quo

182 1235 369 1286 audito
416 1234 465 1284 b.
521 1232 842 1283 Franciscus
896 1232 1101 1296 pietate
1154 1238 1338 1280 motus
1385 1245 1549 1294 super
1595 1226 1751 1277 illum
1801 1223 2114 1292 agniculum

181 1341 364 1376 coram
408 1322 688 1373 monachis
721 1329 776 1372 et
803 1320 1120 1371 hominibus
1161 1320 1303 1370 illius
1345 1317 1663 1369 monasterii
1707 1315 1879 1367 dixit:
1929 1315 2118 1365 Frater

184 1416 256 1467 mi
282 1413 544 1482 agnicule,
570 1411 775 1463 animal
804 1412 1067 1461 innocens
1096 1418 1149 1461 et
1176 1409 1489 1460 hominibus
1518 1406 1678 1459 valde
1706 1406 1854 1468 utile,
1877 1405 2120 1455 clamans

184 1523 397 1572 semper
425 1512 480 1555 et
510 1503 841 1554 annuntians
883 1501 1031 1553 bene.
1116 1500 1312 1551 Postea
1354 1498 1526 1549 dixit:
1569 1495 1863 1547 Maledicta
1893 1496 1961 1545 sit
1989 1511 2119 1560 ergo

184 1595 377 1648 scroffa
405 1611 511 1661 que
536 1602 592 1645 te
619 1592 899 1652 interfecit,
941 1600 1001 1641 ut
1044 1590 1224 1641 nullus
1264 1590 1433 1640 homo
1461 1588 1544 1639 vel
1587 1588 1763 1638 bestia
1791 1586 1877 1636 vel
1906 1586 2019 1636 avis
2048 1602 2120 1635 ex

186 1687 276 1737 illa
305 1683 573 1739 comedat.
659 1683 734 1733 Et
763 1683 966 1733 factum
996 1689 1078 1732 est
1108 1680 1292 1731 divina
1319 1679 1729 1746 dispensatione
1756 1675 1905 1743 quod
1934 1675 2120 1726 statim

187 1776 333 1842 cepit
360 1774 631 1836 infirmari,
661 1780 715 1824 et
740 1781 866 1839 post
905 1780 1011 1822 tres
1052 1771 1168 1822 dies
1210 1779 1427 1821 mortua
1467 1769 1579 1830 fuit,
1609 1777 1663 1819 et
1691 1767 1933 1833 projecta
1959 1772 2043 1815 est
2071 1765 2123 1814 in

187 1867 414 1918 circuitu
445 1864 760 1915 monasterii
789 1863 843 1912 in
871 1862 1189 1912 carbonaria
1217 1878 1325 1927 que
1353 1867 1433 1910 est
1460 1860 1515 1909 in
1543 1858 1766 1909 circuitu
1792 1854 2118 1907 monasterii.

190 1957 265 2008 Et
312 1955 382 2007 ad
429 1956 642 2006 literam
691 1970 878 2004 verum
928 1952 1030 2002 fuit
1077 1953 1216 2001 sicut
1261 1949 1328 2000 de
1374 1951 1492 2015 ipsa
1540 1948 1856 2015 predixerat
1904 1952 2127 1996 sanctus

192 2055 357 2115 pater.
442 2045 586 2096 Nam
617 2061 712 2110 per
741 2043 973 2093 multum
1003 2050 1223 2107 tempus
1266 2040 1366 2091 fuit
1393 2039 1468 2089 ibi
1497 2026 1722 2089 manens
1751 2045 1868 2088 tota
1896 2036 2121 2101 integra.

195 2136 543 2203 Quapropter
582 2134 877 2200 plurimum
921 2132 1097 2182 mirati
1144 2139 1271 2181 sunt
1319 2129 1445 2180 inde
1486 2127 1740 2179 monachi
1782 2135 1835 2177 et
1875 2125 2126 2176 homines

195 2228 334 2279 illius
401 2225 733 2287 monasterii,
799 2222 1206 2274 considerantes
1276 2220 1628 2272 sanctitatem
1695 2218 1748 2269 b.
1821 2214 2127 2267 Francisci:

196 2318 504 2369 habuerunt
550 2313 686 2365 illud
735 2332 833 2381 pro
881 2330 1082 2380 magno
1132 2311 1410 2373 miracu10,
1458 2310 1531 2360 ita
1578 2307 1728 2375 quod
1777 2306 2027 2357 fratribus
2075 2311 2131 2354 et

197 2396 313 2460 aliis
343 2425 439 2474 pro
470 2422 672 2471 magno
702 2404 960 2455 miraculo
990 2403 1459 2454 annuntiaverunt.

79 2506 180 2569 198
321 2499 375 2566 (f,
431 2497 576 2564 134¹)
623 2494 869 2558 Qualiter
904 2492 1121 2561 quidam
1140 2492 1328 2556 frater
1363 2488 1700 2559 confitebatur
1734 2486 2273 2563 szgnz'sproptergpec·
2298 2510 2425 2558 Peri,

184 2589 486 2653 ferventem
533 2584 865 2642 devotionem.
2153 2578 2243 2606 10²·

316 2678 441 2729 Fuit
482 2677 706 2745 quidam
763 2675 924 2726 frater
968 2673 1199 2724 honeste
1252 2678 1307 2722 et
1349 2677 1534 2721 sancte
1575 2666 2001 2719 conversationis
2041 2665 2135 2730 qui

203 2769 292 2820 die
327 2778 600 2835 noctuque
667 2775 784 2818 erat
848 2765 1109 2816 sollicitus
1149 2794 1220 2801 —-
1262 2761 1357 2813 sed
1408 2762 1574 2812 etiam
1628 2777 1659 2809 a
1715 2758 1876 2809 bonis
1928 2755 2135 2807 silebas.

207 2858 315 2925 Qui
344 2857 623 2924 respondit
663 2858 767 2908 eis:
813 2856 941 2906 Non
982 2863 1164 2921 potest
1193 2870 1313 2904 esse
1342 2850 1505 2902 aliud.
1593 2849 1666 2899 Et
1706 2849 1781 2898 sic
1813 2846 2139 2901 dimiserunt

205 2965 342 3009 eum,
388 2956 442 2998 et
481 2965 592 2998 non
633 2954 755 3013 post
798 2946 999 2996 multos
1040 2944 1155 2994 dies
1197 2949 1440 2993 mortuus
1480 2947 1576 3001 est,
1608 2947 1663 2989 et
1703 2938 2001 3003 plurimum
2044 2933 2138 2984 ad-

209 3039 386 3090 mirati
429 3045 554 3088 sunt
598 3037 726 3087 inde
773 3037 960 3087 fratres
1007 3043 1060 3086 et
1100 3034 1205 3095 alii,
1249 3031 1655 3084 considerantes
1695 3027 2045 3078 sanctitatem
2086 3025 2135 3077 b.

210 3129 484 3180 Francisci
511 3126 837 3194 predicentis
865 3126 941 3176 illi
969 3142 1155 3176 casum
1195 3140 1355 3174 suum
1397 3130 1647 3186 tempore
1688 3135 1799 3185 quo
1827 3134 1857 3167 a
1888 3113 2141 3165 fratribus

210 3227 264 3270 et
293 3218 410 3268 aliis
438 3216 790 3283 reputabatur
818 3223 1036 3266 sanctus

335 3320 454 3362 Text
480 3319 716 3362 resembles
748 3318 798 3360 z'n
832 3331 971 3373 many
991 3317 1155 3373 points
1187 3316 1291 3358 that
1319 3316 1376 3372 of
1400 3314 1530 3369 Spec.
1555 3310 1704 3363 Vitae,
1735 3319 1863 3364 1509,
1887 3321 1986 3364 eg„
2012 3306 2142 3362 Specz

209 3398 354 3455 Pers,
396 3410 437 3451 p.
480 3407 582 3449 203,
623 3395 650 3436 1.
693 3393 780 3436 26:
821 3393 972 3435 Proba
1005 3391 1156 3447 ipsum
1195 3399 1244 3434 ut
1279 3388 1433 3433 saltim
1465 3387 1536 3430 bis
1568 3388 1642 3430 vel
1676 3386 1815 3428 semel
1837 3384 1897 3427 ad
1920 3382 2072 3425 minus
2095 3381 2142 3424 in

212 3472 474 3517 ebdomada
507 3470 791 3514 confiteatur.
859 3467 906 3512 Si
940 3476 1094 3511 autem
1126 3481 1217 3510 non
1249 3474 1294 3510 te
1319 3464 1525 3519 audierit,
1562 3462 1681 3506 scias
1714 3475 1871 3505 verum
1893 3473 1994 3503 esse
2016 3457 2144 3514 quod

924 3580 940 3605 1
959 3581 1176 3619 Mortuum
1196 3582 1351 3631 expunc
1358 3578 1437 3617 ted.
