2449 3927
24 683 26 685 ‚
90 609 190 674 163

88 1256 192 1319 164

367 187 810 241 FORMERLY
861 187 941 237 IN
986 186 1150 237 THE
1191 185 1595 238 PHILLIPPS
1641 186 1993 239 LIBRARY
2075 191 2142 254 85

214 341 399 392 statim
443 340 616 390 exivit
660 339 802 390 foras
845 338 1038 389 cellam
1085 345 1322 388 tremens
1369 345 1424 388 et
1471 338 1828 404 stupefactUS‚
1869 348 1923 390 et
1963 357 2147 392 coram

215 430 468 482 fratribus
498 430 645 481 dixit
685 428 812 480 inde
852 428 1072 494 culpam
1114 445 1267 478 suam
1308 435 1363 478 et
1403 427 1553 494 quod
1595 429 1648 478 in
1679 428 1767 478 illa
1796 429 1884 480 die
1914 431 2150 496 penituit

213 538 340 571 eum
370 521 494 570 illuc
521 520 751 570 venisse.

328 610 383 677 (f.
445 610 596 677 124V)
660 607 908 671 Qualiter
954 607 1175 674 quidam
1213 608 1402 671 frater
1457 607 1694 674 cognovit
1729 618 1832 674 per
1883 609 2149 675 Spiritum

211 708 454 751 sanctum
482 699 842 764 temptationes
868 715 998 749 suas
1025 696 1233 747 meritis
1263 696 1319 748 S.
1354 697 1637 748 Francisci.

327 788 563 856 Quidam
594 788 756 838 frater
783 787 1080 853 spiritualis
1120 795 1175 838 et
1210 788 1467 853 antiquus
1497 788 1551 837 in
1578 788 1843 854 religione
1869 796 1923 839 et
1952 789 2148 840 famili-

212 881 318 931 aris
347 880 396 931 b.
426 879 470 928 F
473 879 716 929 rancisco
747 878 860 929 fuit.
941 876 1160 929 Accidit
1187 885 1369 928 autem
1410 918 1420 928 .
1465 919 1474 928 .
1524 919 1534 928 .
1576 878 1631 929 in
1662 894 1861 944 magna
1889 880 2073 945 quiete
2093 887 2148 931 et

212 986 344 1035 pace
372 968 538 1019 animi
568 975 622 1018 et
648 968 886 1034 corporis
916 968 1129 1033 positus
1157 967 1258 1017 fuit
1288 967 1491 1017 meritis
1521 967 1568 1018 b.
1607 967 1889 1021 Francisci.

329 1071 588 1123 Lemmens,
613 1069 726 1113 Doc.
750 1069 864 1112 Ant.
888 1069 1056 1112 anc.
1085 1069 1161 1122 ΙΙ.,
1187 1079 1259 1123 97,
1284 1068 1309 1111 l.
1335 1079 1392 1121 27
1414 1086 1423 1114 ε
1462 1082 1659 1124 cumque
1694 1068 1879 1113 cottidie
1903 1077 1946 1113 et
1967 1083 2049 1126 per
2070 1077 2149 1116 tot.

211 1147 258 1190 P.
283 1146 355 1202 98,
381 1146 406 1190 l.
436 1158 488 1201 13
512 1159 520 1185 2
558 1145 865 1188 confitebatur
888 1143 944 1201 (Ξ)
969 1147 1080 1204 (for
1100 1144 1505 1200 confundebatur).

2165 603 2408 651 Lemmens‚
2448 593 2449 656 J

2165 656 2365 708 Legenda
2448 660 2449 691 ἒ

2163 710 2311 759 Vetus,
2333 714 2358 751 6
2379 710 2449 763 (cf.

2164 765 2289 815 Spec.
2312 766 2438 814 Perfi,

2164 818 2273 870 106).

323 1252 378 1319 (f.
419 1266 481 1303 12
493 1252 564 1320 ς’)
610 1251 857 1314 Qualiter
892 1251 1041 1302 omni
1075 1269 1216 1301 anno
1255 1268 1432 1301 omnes
1443 1252 1656 1315 fratres
1696 1259 2044 1302 convenerant
2078 1252 2158 1303 ad
2166 1244 2233 1296 Cf·
2258 1247 2380 1298 spec.

208 1343 498 1409 capitulum
525 1342 675 1408 apud
697 1341 753 1394 S.
787 1341 1040 1392 Mariam
1067 1341 1129 1391 de
1151 1341 1519 1392 Portz'uncula.

324 1432 582 1499 Quodam
636 1440 885 1499 tempore
947 1449 1118 1498 prope
1172 1431 1470 1498 capitulum
1526 1430 1676 1498 quod
1729 1440 1861 1482 tunc
1914 1431 2152 1483 debebat

207 1522 334 1586 fieri,
366 1523 515 1590 quod
543 1531 598 1574 et
637 1522 743 1573 illis
772 1522 1112 1589 temporibus
1135 1522 1283 1573 omni
1313 1538 1459 1572 anno
1480 1520 1645 1572 fiebat
1667 1521 1814 1587 apud
1837 1520 1891 1573 S.
1918 1522 2149 1574 Mariam

208 1612 279 1664 de
306 1613 667 1676 Portiuncula,
709 1611 1060 1664 considerans
1089 1611 1326 1678 populus
1354 1611 1552 1662 Assisii
1574 1611 1727 1679 quod
1749 1613 1940 1662 fratres
1967 1620 2152 1664 essent

207 1705 383 1769 gratia
412 1703 638 1755 Domini
663 1704 777 1769 jam
807 1701 1151 1769 multiplicati
1193 1710 1248 1753 et
1276 1701 1504 1752 cottidie
1548 1701 2065 1768 multiplicabantur,
2095 1709 2151 1753 et

207 1793 372 1860 quod,
405 1795 647 1845 maxime
680 1810 803 1844 cum
833 1794 1191 1843 convenirent
1232 1792 1309 1842 ibi
1350 1809 1547 1843 omnes
1592 1791 1662 1843 ad
1690 1792 2012 1859 capitulum,
2038 1809 2150 1843 non

205 1884 471 1935 haberent
511 1885 613 1934 nisi
654 1882 933 1951 quandam
974 1883 1360 1949 pauperculam
1403 1890 1458 1933 et
1507 1899 1736 1948 parvam
1775 1884 2017 1933 casinam
2063 1899 2153 1933 co-

206 1982 455 2041 opertam
484 1973 553 2025 de
580 1974 748 2041 palea,
778 1983 831 2025 et
869 1974 1101 2040 parietes
1129 1981 1283 2024 erant
1318 1973 1615 2024 constructi
1643 1990 1716 2023 ex
1756 1972 2054 2024 viminibus
2096 1980 2152 2023 et

207 2065 338 2131 lut0,
385 2066 523 2115 sicut
566 2065 757 2115 fratres
804 2064 1043 2115 fecerant
1094 2064 1268 2129 primo
1314 2062 1537 2130 quando
1589 2071 1854 2113 venerant
1907 2062 2038 2114 illuc
2082 2061 2152 2113 ad

2167 1300 2287 1348 Pers„
2308 1311 2347 1351 7.

207 2154 557 2216 manendum,
587 2154 777 2205 habito
806 2154 1036 2205 concilio
1064 2153 1316 2219 generali,
1358 2154 1412 2204 in
1451 2154 1634 2219 paucis
1667 2152 1859 2204 diebus
1881 2169 2005 2203 cum
2049 2152 2149 2204 fes·
2182 2198 2185 2199 γ

207 2246 478 2296 tinatione
507 2252 563 2295 et
592 2262 794 2312 magna
824 2244 1120 2295 devotione
1149 2244 1394 2294 fecerunt
1422 2244 1495 2294 ibi
1526 2260 1785 2310 magnam
1815 2243 2045 2294 domum
2076 2261 2149 2294 ex

207 2333 475 2400 lapidibus
503 2342 557 2385 et
594 2336 740 2386 calce
770 2342 1040 2385 muratam
1070 2334 1186 2384 sine
1206 2351 1476 2384 consensu
1519 2333 1566 2384 b.
1616 2333 1891 2384 Francisci
1933 2342 1989 2384 et
2029 2334 2151 2400 ipso

207 2424 444 2477 absente.
530 2425 785 2492 Cumque
813 2432 1171 2475 reverteretur
1210 2424 1260 2475 b.
1292 2424 1611 2475 Franciscus
1639 2423 1708 2474 de
1746 2423 1987 2490 quadam
2029 2440 2152 2489 pro-

205 2515 381 2565 vincia
423 2523 478 2566 et
522 2517 800 2566 venissent
847 2514 964 2582 (sic)
1012 2513 1135 2565 illuc
1183 2513 1252 2564 ad
1285 2514 1587 2580 capitulum
1636 2521 1691 2564 et
1735 2512 1961 2564 vidisset
2002 2514 2150 2564 illam

208 2603 431 2655 domum
477 2605 548 2655 ibi
590 2613 977 2667 constructam,
1028 2605 1255 2655 miratus
1298 2613 1382 2655 est
1429 2603 1570 2656 inde.
1678 2603 1752 2654 Et
1797 2602 2149 2654 considerans

207 2692 356 2759 quod
395 2696 684 2746 occasione
724 2694 866 2745 illius
907 2693 1102 2744 domus
1146 2693 1337 2744 fratres
1380 2695 1434 2744 in
1463 2693 1594 2744 locis
1635 2694 1690 2743 in
1735 2693 1934 2760 quibus
1977 2709 2149 2743 mora-

206 2783 407 2833 bantur
455 2792 510 2834 et
565 2791 718 2834 erant
781 2784 1042 2834 moraturi
1095 2782 1414 2834 edificarent
1478 2783 1567 2834 vel
1623 2782 1860 2833 facerent
1911 2782 2149 2833 edificari

207 2888 434 2937 magnas
461 2872 670 2935 domOS,
699 2881 754 2923 et
782 2874 1024 2924 maxime
1052 2873 1178 2939 quia
1207 2873 1426 2923 volebat
1455 2872 1605 2939 quod
1633 2872 1722 2923 ille
1756 2873 1908 2922 locus
1936 2889 2150 2937 semper

207 2969 349 3011 esset
378 2961 551 3012 forma
581 2963 981 3028 et'exemplum
1010 2964 1256 3014 omnium
1294 2963 1551 3025 locorum,
1582 2971 1881 3029 antequam
1910 2961 2150 3012 finiretur

208 3051 522 3117 capitulum,
552 3054 790 3103 surrexit
817 3052 1059 3119 quadam
1081 3052 1171 3103 die
1199 3062 1253 3104 et
1281 3053 1525 3104 ascendit
1555 3070 1718 3118 super
1756 3059 1964 3103 tectum
2007 3050 2148 3101 illius

207 3139 404 3190 domus
432 3148 487 3190 et
516 3143 759 3207 precepit
789 3142 1047 3193 fratribus
1088 3149 1150 3192 ut
1191 3142 1551 3193 ascenderent
1594 3150 1648 3192 et
1689 3142 1833 3207 cepit
1874 3157 1981 3190 una
2024 3157 2147 3190 cum

208 3229 464 3280 fratribus
518 3232 758 3296 proicere
811 3232 866 3282 in
912 3239 1054 3282 terra
1091 3232 1259 3282 latera
1301 3231 1474 3283 latas1
1516 3232 1632 3299 (sic)
1674 3249 1746 3281 ex
1788 3229 1985 3297 quibus
2033 3236 2148 3280 erat

206 3327 479 3385 cooperta,
509 3319 697 3370 volens
726 3319 1002 3371 destruere
1043 3320 1282 3372 domum.
1367 3321 1636 3374 Videntes
1677 3319 1905 3387 quidam
1947 3319 2147 3370 milites

209 3407 407 3459 Assisii
436 3418 490 3459 et
518 3410 619 3472 alii,
647 3411 740 3476 qui
768 3418 921 3460 erant
951 3410 1024 3460 ibi
1054 3428 1151 3476 pro
1192 3412 1585 3461 communitate
1626 3409 1873 3475 ejusdem
1915 3409 2147 3459 civitatis

327 3524 473 3576 1Spec.
498 3525 611 3576 Pers.
636 3525 863 3577 (Sabatier)
887 3525 1045 3565 lascas:
1077 3526 1170 3565 MS.
1196 3526 1299 3565 Can.
1325 3526 1462 3574 Misc„
1492 3537 1584 3576 525,
1606 3525 1781 3564 lastras:
1805 3525 1862 3564 II.
1887 3524 1976 3564 Cel.
1999 3524 2055 3571 ii.,
2079 3534 2147 3573 27,

208 3590 358 3633 lastas.
