2449 3927
309 201 747 254 FORMERLY
792 201 873 252 IN
919 201 1082 252 THE
1126 200 1531 251 PHILLIPPS
1577 199 1932 250 LIBRARY
2018 212 2085 263 93

156 352 391 421 diffugiit
443 354 724 416 cruciatus,
783 361 838 404 et
898 352 1057 404 frater
1115 351 1360 404 redditus
1421 352 1648 419 pristine
1709 353 1929 402 sanitati
1984 350 2092 401 Dei

156 444 554 511 benignitatem
585 443 762 493 cordis
791 441 992 508 gaudio
1021 442 1360 493 collaudavit.

35 543 139 596 179
270 533 324 600 (f.
378 534 527 600 128V)
573 531 824 594 Qualiter
860 531 1042 582 beatus
1079 531 1345 599 Pacg'ficus
1372 528 1618 597 petebatl
1655 548 1689 580 a
1730 530 1770 581 b.
1815 530 2094 580 Francisco
2110 542 2182 604 ff.
2207 542 2264 581 ΙΙ.
2287 542 2375 583 Cel.

2108 610 2169 643 11.,
2193 607 2267 645 72;
2305 596 2432 645 Bon„

155 622 389 672 tunicam
417 639 587 673 suam.
2107 652 2177 698 iv.,
2195 653 2233 692 8.

271 711 526 778 Quodam
569 719 816 777 tempore
856 729 978 762 cum
1016 711 1064 763 b.
1101 711 1422 765 Franciscus
1463 711 1645 760 ivisset
1685 710 1738 762 in
1785 709 2086 760 Marchiam

157 801 589 853 Anchoritanam
633 801 763 868 (sic),
807 800 969 851 frater
1010 799 1270 852 Pacificus
1310 799 1502 851 audito
1531 800 1648 865 ejus
1676 798 1930 861 adventu,
1964 799 2089 849 licet

156 900 285 943 tunc
338 892 675 958 pomposiori
732 891 1071 942 inniteretur
1116 891 1279 942 seculi
1341 891 1506 941 seculi
1563 890 1677 957 (sic)
1730 891 1976 952 vanitati,
2036 891 2089 939 in

158 979 465 1045 presagium
494 985 677 1028 tamen
708 978 886 1029 future
914 978 1087 1044 gratie
1112 977 1184 1028 ad
1212 994 1378 1044 quarn
1408 986 1521 1028 erat
1547 994 1803 1043 processu
1831 977 2092 1043 temporis

155 1067 530 1130 assumenduS,
575 1067 645 1118 ad
685 1067 982 1119 videndum
1024 1069 1203 1134 ipsum
1249 1067 1459 1135 [quem]
1500 1065 1796 1135 n0[n]dum
1838 1066 1971 1117 facie
1998 1064 2093 1116 sed

157 1159 299 1208 fama
335 1158 556 1208 volante
594 1157 881 1209 didiscerat
920 1157 1347 1209 desiderabiliter
1389 1157 1711 1224 properavit.
1794 1155 1888 1206 Ad
1930 1172 2092 1222 quem

156 1266 279 1300 cum
321 1248 672 1312 accessisset,2
713 1259 767 1301 et
807 1267 931 1301 eum
974 1251 1116 1301 inter
1154 1250 1346 1300 fratres
1388 1250 1542 1316 quasi
1584 1265 1753 1299 unum
1796 1248 1863 1298 de
1904 1249 2094 1298 ceteris

156 1341 551 1406 conspexisset,
573 1340 826 1391 discrevit
854 1341 1035 1407 ipsum
1064 1340 1133 1390 ab
1162 1339 1418 1391 omnibus
1445 1339 1596 1390 nullo
1620 1338 1801 1404 judice
1829 1339 1929 1389 nisi
1953 1338 2096 1400 DeO,

157 1431 250 1497 qui
293 1430 394 1480 sibi
436 1430 587 1481 illum
631 1430 834 1495 judicio
883 1431 1113 1481 mirabili
1163 1429 1569 1482 demonstravit.
1651 1429 1807 1481 Vidit
1852 1445 2095 1496 namque

159 1536 319 1586 super
344 1528 509 1586 caput
537 1520 654 1585 ejus
696 1519 827 1571 thau
868 1521 1022 1587 quasi
1066 1537 1253 1570 ensem
1296 1518 1564 1586 fulgidum
1594 1527 1646 1570 et
1676 1518 1999 1585 prefulgens,
2034 1526 2095 1569 ut

159 1627 255 1676 per
292 1610 396 1661 hoc
442 1619 693 1677 patenter
739 1611 960 1662 daretur
1006 1611 1249 1677 intelligi,
1294 1610 1443 1677 quod
1491 1611 1607 1676 ipse
1653 1617 1709 1660 et
1756 1617 1934 1660 rectus
1981 1617 2096 1660 erat

159 1701 337 1752 cultus
392 1702 691 1768 penitentie
752 1701 1096 1769 gemebunde
1149 1710 1203 1752 et
1256 1719 1416 1752 verus
1472 1702 1719 1751 minister
1771 1700 1919 1751 verbi
1972 1700 2094 1763 Dei,

159 1791 534 1843 carnalitatem
565 1809 664 1842 suo
691 1793 941 1843 acumine
980 1791 1334 1843 discindentis
1371 1799 1425 1842 et
1452 1792 1692 1842 animam
1713 1789 1731 1817 ³
1759 1808 1857 1841 suo
1886 1790 2097 1856 fulgore

159 1879 299 1931 viri4
339 1881 672 1933 illustrantis
772 1882 944 1949 Signo
992 1883 1156 1949 igitur
1202 1881 1352 1949 quod
1399 1881 1659 1933 divinitus
1707 1888 1985 1946 acceperat
2032 1897 2096 1930 eo

159 1978 292 2022 voto
320 1972 485 2038 ipsius
511 1973 811 2023 sanctitatis
851 1973 1203 2024 eminentiam
1243 1973 1440 2024 tacitus
1480 1971 1741 2023 Pacificus
1781 1970 2090 2022 mirabatur.

161 2060 411 2128 Cumque
458 2061 506 2113 b.
558 2062 873 2115 Franciscus
923 2080 1074 2115 more
1120 2080 1219 2114 suo
1267 2070 1456 2113 contra
1504 2062 1701 2113 fastum
1753 2060 1945 2112 mundi
1993 2059 2096 2110 dis-

161 2159 358 2218 putans
413 2161 684 2204 retexeret
738 2153 808 2205 de
861 2155 1025 2205 seculi
1084 2162 1410 2220 contemptu
1463 2170 1789 2214 sermonem,
1847 2151 1918 2202 ad
1971 2168 2094 2202 eum

161 2243 415 2309 precipue
451 2261 756 2296 sermonem
796 2244 1033 2312 dirigens
1072 2246 1166 2311 qui
1204 2244 1491 2296 videbatur
1532 2245 1687 2312 signa
1730 2242 1952 2308 majoris
1982 2259 2096 2307 pre-

161 2331 383 2383 tendere
409 2335 685 2397 vanitatiS,
714 2334 902 2401 gladio
928 2335 1079 2386 verbi
1123 2334 1228 2385 Dei
1268 2342 1631 2400 compunctus
1673 2333 1934 2384 Pacificus
1963 2348 2097 2382 non-

162 2422 292 2474 dum
337 2423 502 2475 frater
542 2424 911 2491 respondens:
963 2424 1112 2487 Non,
1141 2426 1332 2491 inquit,
1376 2441 1516 2490 opus
1547 2431 1631 2474 est
1670 2423 1836 2474 verbo
1877 2430 2094 2473 tantum

161 2513 256 2564 sed
284 2513 442 2566 fact0.
529 2514 629 2567 Cui
658 2515 710 2567 b.
746 2515 1097 2566 Franciscus:
1141 2514 1288 2581 Quid
1315 2515 1410 2577 vis,
1439 2514 1629 2581 inquit,
1661 2520 1720 2563 ut
1746 2513 1845 2563 tibi
1868 2513 2096 2563 faciam?

165 2601 273 2668 Qui
302 2603 654 2670 respondem,
682 2605 846 2668 Volo,
877 2606 965 2668 ait,
996 2612 1057 2656 ut
1097 2604 1192 2656 des
1234 2604 1366 2655 mihi
1407 2605 1647 2655 tunicam
1676 2610 1840 2654 tuam.
1928 2602 2095 2667 Cujus

163 2693 252 2759 pie
293 2694 569 2758 petitionis
609 2712 721 2746 non
762 2694 934 2747 defuit
979 2703 1200 2746 sanctus
1248 2702 1417 2761 pater,
1458 2693 1554 2745 sed
1599 2693 1728 2744 data
1769 2693 1871 2743 sibi
1912 2693 2095 2743 tunica

165 2782 338 2834 induit
360 2801 484 2835 eum
506 2784 752 2836 habitum
783 2785 892 2853 (sic)
920 2786 1193 2852 religionis
1223 2786 1324 2837 sub
1353 2802 1462 2852 quo
1490 2784 1834 2835 laudabiliter
1856 2784 2095 2834 militans

164 2874 333 2924 vitam
362 2881 490 2936 post
517 2874 739 2926 modum
769 2893 924 2927 suam
963 2875 1286 2927 laudabilius
1327 2876 1652 2926 terminavit.
1739 2873 1889 2924 Idem
1931 2874 2094 2924 etiam

165 2962 329 3012 frater
370 2971 494 3029 post
533 2966 964 3030 assumptionem
1005 2965 1241 3028 habitus,
1269 2983 1392 3017 cum
1434 2964 1673 3032 quadam
1701 2964 1817 3015 vice
1844 2964 1944 3014 iret
1971 2980 2094 3014 cum

164 3069 248 3113 e0,
288 3051 422 3103 vidit
462 3053 658 3106 iterum
705 3072 866 3120 super
911 3073 1035 3108 eum
1082 3058 1302 3123 signum
1348 3056 1479 3107 thau
1527 3072 1824 3122 pennarum
1866 3053 2095 3119 pavonis

164 3141 574 3194 similitudinem
622 3145 951 3209 preferentiS,
1001 3164 1111 3212 quo
1166 3147 1323 3212 signo
1358 3147 1659 3197 =manifeste
1704 3143 2095 3196 ostendebatur

165 3232 212 3282 b.
241 3232 560 3283 Franciscus
578 3250 696 3284 esse
717 3234 1088 3286 habundantia
1110 3236 1455 3287 multiformis
1477 3235 1581 3286 Dei
1603 3235 1774 3302 gratie
1791 3233 2091 3284 decoratus,

271 3356 288 3380 1
304 3357 396 3396 MS.
420 3357 625 3408 peciebat.

271 3425 288 3450 2
299 3426 465 3465 Celano
481 3425 590 3465 adds
605 3426 698 3465 that
713 3427 786 3465 the
801 3426 990 3478 meeting
1005 3427 1108 3467 took
1124 3427 1244 3479 place
1259 3427 1316 3467 ad
1330 3427 1538 3479 quoddam
1556 3426 1850 3467 monasterium
1861 3429 2092 3478 pauperum

164 3492 424 3534 inclusarum
454 3495 511 3546 (p.
543 3496 651 3547 249).
711 3494 1010 3533 Bonaventura
1043 3507 1139 3546 says
1171 3496 1286 3546 apud
1320 3499 1500 3535 castrum
1530 3495 1668 3534 sancti
1698 3493 1887 3534 Severini
1918 3524 1928 3533 .
1960 3523 1971 3533 .
2003 3524 2012 3533 .
2044 3494 2090 3533 in

165 3563 415 3602 monasterio
435 3563 626 3614 quodam.

272 3630 288 3655 ³
304 3631 396 3670 MS.
420 3636 501 3670 aia.
1187 3630 1204 3654 4
1219 3630 1314 3669 MS.
1338 3630 1410 3670 u’i.
