2449 3927
228 205 332 259 150
562 190 927 243 RECORDS
970 190 1071 242 OF
1110 189 1272 241 THE
1315 189 1808 242 FRANCISCAN

277 344 396 413 [2]0
419 342 495 394 ffr.
544 341 808 394 Ricardus
835 341 904 392 de
927 340 1122 392 Sarum
1152 340 1255 393 sac’
1286 349 1341 391 et
1369 340 1504 407 (ποῖ’
1533 340 1680 406 apud
1710 341 1945 394 Cicestr’.

419 433 495 485 ffr.
542 431 723 483 Adam
754 431 821 482 de
850 431 1051 483 Sancto
1081 430 1321 481 Martino
1349 429 1454 481 sac’
1485 438 1540 481 et
1571 428 1704 495 (ποῖ’
1731 429 1876 497 apud
1904 429 2116 496 Wynt'.

421 521 498 573 ffr.
541 521 586 587 J.
617 515 684 571 de
713 520 909 572 Stanes
937 519 1043 570 sac'
1074 527 1127 569 et
1154 519 1288 585 (ποῖ’
1317 518 1530 571 ibidem.
1601 580 1603 583 .

422 612 498 663 ffr.
546 609 845 661 Edwardus
867 609 937 660 de
959 608 1238 661 Saundon’
1265 608 1371 660 sac’
1396 617 1451 660 et
1472 610 1611 676 prof’
1630 609 1775 676 apud
1798 609 2142 661 Rauennam.

423 699 500 764 ffr.
547 699 855 751 Willelmus
884 697 1111 749 bbare‘ch
1139 697 1241 748 sac'
1274 705 1329 748 et
1357 697 1491 763 (ποῖ’
1522 697 1915 750 Karmerdinie.

424 790 502 842 ffr.
544 789 586 855 J.
619 788 941 854 Meynerber
962 785 1065 838 sac'
1093 795 1146 838 et
1176 786 1315 853 (ποῖ’
1345 787 1559 839 ibidem.

422 878 500 930 ffr.
549 878 817 930 Galfridus
844 877 1168 944 Wytewelle
1196 877 1299 927 sac’
1329 884 1383 927 et
1412 876 1552 942 (ποῖ’
1582 877 1886 928 Glouernie.

422 969 503 1021 fir.
547 969 590 1035 J,
624 967 692 1019 de
720 967 1042 1019 Berkeroles
1071 964 1174 1017 sac'
1203 974 1256 1017 et
1283 966 1420 1033 (ποῖ’
1449 966 1721 1018 Kerdiuie.

421 1059 498 1111 ffr.
541 1059 850 1110 Willelmus
871 1057 940 1108 de
963 1057 1280 1108 Netteltone
1301 1057 1522 1107 clericus
1543 1066 1596 1108 et
1619 1058 1864 1108 nouicius
1885 1055 2142 1107 Eristoll’.

421 1149 499 1201 ffr.
547 1148 812 1200 Ricardus
869 1147 939 1198 (16
1006 1147 1275 1213 Hertepol
1343 1147 1445 1198 sac’
1512 1145 1651 1213 (ποῖ’
1717 1146 1862 1214 apud
1918 1146 2144 1198 Nouum

616 1239 886 1291 Castrum.
2209 1237 2212 1240 ’

274 1330 394 1398 [3]0
416 1329 493 1380 ffr.
541 1329 728 1380 Petrus
756 1327 824 1379 de
853 1327 1064 1378 Rowell
1093 1328 1193 1378 sac'
1225 1335 1280 1377 et
1308 1327 1442 1394 (ποῖ’
1472 1326 1743 1379 Couentr'.

421 1418 495 1471 ffr.
539 1418 854 1469 Willelmus
880 1417 948 1468 de
976 1416 1364 1485 Kytlingburie
1392 1414 1496 1467 sac’
1525 1424 1578 1467 et
1607 1414 1743 1482 (ποῖ’
1772 1416 1991 1467 ibidem.

419 1508 496 1564 ffr.
542 1509 585 1575 J.
616 1508 684 1559 de
713 1508 972 1559 Ekeston’
1003 1508 1104 1558 sac'
1135 1515 1189 1557 et
1218 1507 1353 1573 (ποῖ’
1381 1506 1526 1572 apud
1555 1504 1815 1558 Preston'.

419 1599 495 1651 ffr.
544 1598 809 1650 Ricardus
836 1597 904 1649 de
933 1597 1243 1664 Haberleye
1270 1596 1371 1648 sac’
1401 1605 1456 1647 et
1485 1594 1621 1662 (ποῖ’
1651 1595 1870 1647 Cestrie.

421 1688 496 1740 ffr.
543 1689 792 1740 Tuderus
821 1687 978 1738 Aker
1006 1686 1108 1738 sac'
1139 1695 1194 1738 et
1224 1686 1363 1753 prof'
1398 1685 1665 1737 Lamasie.

420 1778 500 1830 ffr.
547 1779 828 1830 Newlinus
856 1775 957 1828 sac’
986 1785 1041 1828 et
1067 1776 1207 1843 prof'
1238 1775 1460 1827 ibidem.

421 1868 498 1921 ffr.
544 1867 906 1920 Kenenardus
935 1867 1035 1918 sac'
1067 1874 1120 1917 et
1147 1864 1289 1933 (ποῖ’
1318 1866 1536 1917 ibidem.

419 1958 495 2011 ffr.
542 1959 626 2010 W.
662 1959 711 2009 16
742 1958 883 2008 Hert
910 1957 1012 2008 sac'
1042 1964 1095 2008 et
1120 1957 1257 2022 (ποῖ’
1287 1956 1432 2023 apud
1463 1956 1684 2008 Novum
1715 1955 1991 2007 Castrum.

420 2047 496 2101 ffr.
539 2047 812 2099 Walterus
841 2047 908 2097 de
936 2046 1207 2099 Yarwelle
1234 2046 1338 2097 sac'
1369 2054 1422 2096 et
1450 2047 1696 2097 nouicius
1726 2045 1987 2096 EboraCO.

421 2138 497 2190 ffr.
544 2139 587 2205 J.
621 2137 691 2188 de
719 2137 968 2204 Wyteby
995 2134 1098 2188 sac'
1127 2145 1181 2187 et
1210 2134 1349 2202 (ποῖ’
1380 2134 1524 2201 apud
1549 2135 1838 2202 Grimisby.

277 2228 396 2296 [4]0
418 2227 496 2280 ffr.
542 2228 641 2279 Th.
674 2227 743 2278 de
771 2225 1080 2278 Tadecastr'
1100 2224 1116 2253 ¹
1148 2226 1251 2276 sac’
1282 2233 1339 2276 et
1367 2225 1505 2291 (ποῖ’
1539 2224 1754 2276 ibidem.

423 2317 498 2369 ffr.
545 2318 813 2369 Henricus
839 2315 1042 2367 Warde
1069 2316 1288 2368 clericus
1316 2323 1371 2366 et
1399 2312 1536 2382 (ποῖ’
1563 2314 1708 2380 apud
1740 2313 2003 2365 Lincoln'.

422 2408 499 2460 ffr.
544 2408 587 2474 J.
622 2407 689 2458 de
717 2406 1032 2474 Cappelade
1060 2406 1167 2457 sac'
1199 2413 1251 2456 et
1279 2403 1417 2472 (ποῖ’
1445 2403 1593 2470 apud
1623 2404 1729 2456 Sm.
1764 2403 2117 2470 Botulphum.

424 2497 503 2550 ffr.
549 2500 641 2565 qui
679 2501 735 2562 (?)
771 2498 870 2548 fuit
897 2497 963 2564 (?)
992 2497 1091 2547 sac'
1124 2496 1262 2561 (ποῖ’
1296 2496 1335 2547 Ι.
1367 2494 1539 2545 fflerat
1566 2503 1725 2545 extra
1753 2492 2015 2544 ordinem.

428 2587 502 2639 ffr.
550 2588 591 2654 J.
626 2587 881 2654 Lyninge
908 2586 1009 2638 sac'
1040 2594 1093 2637 et
1122 2585 1258 2652 prof
1281 2584 1426 2652 apud
1455 2583 1775 2635 Karliolum.

426 2677 503 2729 ffr.
555 2678 825 2729 Henricus
855 2676 922 2727 de
951 2675 1200 2728 Thadon'
1235 2674 1339 2726 sac'
1369 2682 1423 2725 et
1450 2674 1585 2741 (ποῖ’
1617 2673 1838 2726 ibidem.

337 2806 584 2857 [Numeru]s
605 2807 782 2846 fratrum
803 2806 1102 2846 defunctorum
1123 2819 1148 2845 a
1168 2804 1411 2856 precedenti
1432 2803 1622 2855 capitulo
1643 2803 1830 2854 generali
1854 2803 1972 2851 1248.

16 3082 103 3137 sol,
138 3090 205 3138 2¹.
265 3087 269 3091 ’
439 3072 493 3125 fr.
540 3072 850 3124 Willelmus
877 3071 946 3123 de
974 3072 1272 3124 Coneston‘
1304 3071 1405 3122 sac'
1436 3078 1489 3121 et
1517 3070 1655 3137 (ποῖ’
1684 3070 1915 3122 Cicestr’.

443 3162 499 3215 fr.
547 3163 821 3213 Robertus
849 3161 918 3212 de
946 3161 1140 3213 Sarum
1169 3162 1270 3212 sac'
1300 3169 1354 3212 et
1383 3160 1520 3227 prof’
1547 3159 1762 3212 ibidem.

444 3252 499 3304 fr.
548 3251 817 3303 Henricus
843 3252 912 3303 de
942 3250 1131 3303 Oliver
1158 3251 1264 3302 sac'
1293 3259 1347 3302 et
1376 3250 1515 3317 (ποῖ’
1544 3249 1805 3317 ibi[dem].

339 3422 451 3465 ¹Th.
486 3423 539 3463 de
572 3422 820 3463 Tadecastr'
856 3422 989 3470 O.M.‚
1024 3420 1212 3462 lieensed
1248 3427 1294 3461 to
1332 3421 1433 3460 hear
1471 3420 1736 3460 confessione.
1776 3420 1858 3458 “in
1897 3417 2153 3457 limitatione

232 3490 404 3531 fratrum
435 3490 486 3530 de
519 3499 729 3531 conventu
765 3491 809 3530 S.
842 3489 1109 3541 Botulphi'’;
1141 3490 1246 3541 Reg.
1284 3488 1515 3539 Dalderby,
1549 3489 1578 3529 f.
1617 3499 1678 3538 15.
