2449 3927
40 1282 144 1343 184

40 1840 139 1902 185

45 2471 149 2523 186

317 208 759 261 FORMERLY
802 208 882 259 IN
926 209 1090 259 THE
1130 208 1533 260 PHILLIPPS
1580 209 1932 261 LIBRARY
2025 221 2089 275 95

279 360 568 428 Quendam
599 361 819 411 fratrem
848 360 997 426 apud
1025 360 1311 411 ecclesiam
1342 360 1396 411 S.
1438 361 1612 411 Marie
1652 360 1719 411 de
1747 361 2095 412 Portiuncula

161 451 513 512 existentem,
535 467 659 500 cum
688 450 903 515 magnis
931 449 1263 500 torsionibus
1290 450 1518 516 aliisque
1559 449 1962 502 infirmitatibus
1989 459 2097 502 tor-

161 548 428 607 queretur,
479 540 528 591 b.
579 539 902 590 Franciscus
947 539 1071 589 fecit
1111 538 1182 589 ad
1222 556 1281 589 se
1321 541 1515 601 vocari,
1560 539 1984 607 anthiacumque
2017 541 2095 609 [?]‚

162 647 325 697 quem
354 646 537 681 coram
566 646 623 680 se
649 628 886 679 habebat
913 627 1044 678 dum
1072 627 1397 690 comederet,
1427 646 1552 681 curn
1582 628 1690 679 offa
1730 637 1786 680 et
1826 630 1955 680 vino
1996 630 2096 681 sibi

162 720 415 788 largienS,
446 719 589 770 dixit
618 727 678 770 ut
709 718 967 769 audacter
995 726 1049 769 et
1085 736 1271 770 secure
1311 717 1626 770 comederet
1666 719 1740 769 nil
1783 719 2094 773 formidans,

165 810 421 861 Timebat
461 810 606 859 enim
648 808 749 859 sibi
792 825 860 858 ne
900 826 972 859 ex
1014 808 1111 860 tali
1139 810 1478 860 comestione
1517 809 1767 860 infirmus
1795 809 1995 861 diutius
2025 810 2097 861 le-

162 898 392 954 deretur.
476 898 551 949 Et
587 906 810 964 propter
850 899 955 950 hoc
997 899 1251 961 minister,
1297 900 1390 966 qui
1431 898 1755 951 comedebat
1782 917 1906 950 curn
1935 900 2097 951 beato

163 989 209 1040 F
213 990 463 1051 rancich
496 987 551 1039 id
581 987 692 1039 fieri
723 988 1055 1054 prohibebat.
1144 988 1454 1040 Comedens
1488 996 1671 1040 autem
1714 988 1879 1040 frater
1918 989 2009 1040 ille
2035 998 2096 1041 ut
2128 1060 2132 1063 ¹

162 1077 261 1129 sibi
309 1095 339 1128 a
370 1077 417 1129 b.
485 1076 775 1127 Francisco
835 1077 1083 1128 oblatum
1145 1078 1332 1139 fuerat,
1381 1078 1548 1144 ipsius
1596 1079 1802 1129 meritis
1848 1079 2096 1145 gloriosis

162 1168 348 1218 statim
395 1166 497 1217 fuit
539 1186 570 1218 a
613 1166 771 1218 dictis
813 1167 1214 1239 infirmitatibus
1241 1167 1517 1222 liberatus,

274 1256 328 1323 (f.
365 1259 507 1324 129³)
540 1257 786 1320 Qualiter
806 1257 862 1309 S.
895 1257 1211 1307 Franczlrcus
1223 1258 1361 1321 fecit
1396 1258 1558 1309 scribi
1577 1259 1633 1308 in
1671 1267 1977 1310 testamento
2004 1277 2097 1309 suo

160 1346 301 1412 quod
327 1346 516 1397 domus
526 1348 779 1412 fratrum
807 1347 1049 1398 deberent
1060 1347 1188 1412 fieri
1208 1365 1273 1398 ex
1297 1348 1461 1415 lignis
1487 1356 1538 1399 et
1561 1349 1681 1411 luto,
1714 1357 1797 1400 etc,

278 1432 421 1484 Cum
466 1442 708 1484 maneret
747 1435 802 1485 in
842 1433 1036 1484 eodem
1067 1434 1273 1500 palatio
1315 1434 1558 1485 infirmus
1600 1465 1670 1472 -—
1713 1435 1936 1486 reddere
1975 1435 2097 1486 rati-

162 1539 340 1573 onem.

278 1638 535 1694 Lemmens,
575 1639 688 1683 Doc.
730 1639 843 1683 Ant.
885 1640 965 1683 Fr.
1009 1641 1059 1695 1.,
1098 1654 1139 1695 p.
1175 1650 1249 1695 95,
1287 1640 1314 1683 1.
1358 1652 1444 1685 10:
1471 1638 1517 1683 in
1547 1639 1706 1696 paucis
1724 1648 1770 1684 et
1805 1640 2097 1697 pauperculis

162 1712 288 1757 libris
308 1730 319 1767 3
355 1729 397 1771 p.
440 1727 513 1772 97,
553 1716 579 1759 1.
629 1729 711 1772 19:
747 1730 888 1772 opere
926 1718 1038 1775 (for
1069 1714 1372 1772 operatione).

277 1821 330 1888 (f.
381 1836 400 1872 1
415 1824 532 1890 29³¹)
577 1822 823 1886 Qualiter
866 1821 921 1874 S.
971 1822 1286 1873 Frana'scus
1331 1810 1471 1873 dixit
1491 1822 1770 1887 fratribus
1815 1820 1930 1873 suis
1953 1841 1971 1876 .·
2027 1822 2099 1874 Ve

163 1909 275 1966 illis
300 1913 533 1979 quisunt
546 1911 686 1964 mihi
701 1912 966 1974 contrarii,
993 1921 1075 1967 ete.
1177 1913 1435 1964 Voluntas
1455 1912 1683 1963 Domini
1698 1921 1883 1978 estpro
1905 1912 2106 1978 majori

162 2004 390 2056 utilitate
417 2001 699 2072 relig-tomis,
733 2012 836 2065 etc„
861 2000 1099 2070 sequitur
1122 2002 1514 2069 consequenter.1

266 2093 432 2147 Unde
460 2102 590 2144 tunc
618 2095 672 2145 in
699 2101 1033 2145 testamento
1072 2124 1144 2131 —
1186 2092 1483 2144 secundum
1512 2094 1855 2144 voluntatem
1885 2110 2053 2144 suam.

278 2211 538 2264 Lemmens,
573 2209 688 2252 Doc.
724 2209 836 2252 Ant.
869 2210 948 2252 Fr.
989 2210 1040 2264 1.‚
1066 2224 1096 2266 p
1145 2210 1219 2265 98,
1255 2209 1283 2252 l.
1321 2221 1410 2252 22:
1446 2209 1538 2253 fere
1561 2209 1674 2265 (for
1701 2208 1860 2265 fecit);
1894 2223 1936 2265 p.
1973 2222 2049 2266 99,
2073 2209 2098 2251 1.

170 2298 252 2341 17:
288 2285 538 2329 subtilitate
570 2287 682 2342 (for
710 2284 1020 2342 sublimitate).
1087 2285 1272 2341 (Notice
1305 2286 1411 2328 that
1440 2286 1515 2328 tlte
1547 2285 1686 2327 order
1709 2286 1910 2335 aswell
1936 2300 1990 2328 as
2027 2286 2102 2328 tlte

164 2368 263 2406 text
277 2365 333 2420 of
348 2362 597 2406 Lemmens
620 2363 661 2404 is
694 2362 805 2419 kept
826 2363 877 2405 in
900 2363 1022 2405 these
1039 2363 1289 2418 chapters.)

279 2467 334 2538 (f.
375 2482 393 2518 1
409 2469 518 2534 30²)
563 2466 810 2530 Qualiter
836 2466 892 2518 S.
925 2466 1241 2517 Franciscus
1280 2466 1539 2517 benedicit
1574 2465 1815 2517 omnibus
1825 2466 2101 2532 fratribus

166 2558 292 2621 suis,
323 2566 406 2609 etc.

282 2646 535 2713 Quadam
563 2647 651 2698 die
679 2648 726 2699 b.
763 2648 1079 2699 Franciscus
1108 2655 1324 2699 tantum
1349 2647 1450 2698 fuit
1478 2646 1759 2699 doloribus
1800 2678 1872 2685 —
1911 2649 2098 2699 statim

171 2735 387 2788 fuerunt
415 2736 638 2788 liberati.

289 2851 405 2894 Text
434 2853 579 2895 closer
603 2857 649 2895 to
680 2853 928 2896 Lemnzens
950 2854 1066 2896 than
1099 2857 1143 2896 to
1177 2853 1402 2895 Sabatier.
1471 2853 1588 2895 Add
1602 2854 1730 2911 after
1758 2852 1894 2895 finem
1929 2851 2100 2895 saeculi

171 2929 453 2982 (Lemmens,
478 2942 520 2983 p.
558 2939 628 2982 71,
652 2929 678 2971 1.
708 2931 780 2985 13)
802 2944 810 2971 ε
848 2930 1030 2972 Fratres
1056 2937 1275 2985 ceperunt
1298 2928 1474 2972 fortiter
1490 2927 1717 2972 lacrimari
1736 2936 1782 2971 et
1800 2937 1926 2972 tanto
1950 2929 2098 2984 magis

170 3001 456 3056 plangebant
488 3009 661 3055 quanto
694 2992 1041 3056 cognoscebant
1075 3000 1227 3056 ipsum
1260 3001 1395 3044 morti
1430 3000 1810 3057 appropinquare.
1899 3002 1960 3044 Et
1996 3017 2100 3045 cum

170 3075 466 3119 benediceret
489 3090 649 3119 omnes
672 3076 835 3120 fratres
858 3076 1099 3120 videbatur
1120 3077 1262 3132 (eto).

287 3153 335 3193 P.
364 3163 435 3206 72,
459 3152 485 3193 1.
518 3164 533 3193 1
559 3166 567 3193 :
603 3151 701 3207 ipse
725 3152 834 3195 dixit
858 3152 1076 3196 fratribus
1108 3154 1235 3208 quod
1269 3154 1491 3197 credebat
1523 3153 1635 3197 feria
1657 3162 1707 3195 va
1736 3162 1871 3197 esset.
1942 3156 2097 3201 Unus-

171 3242 261 3285 que
284 3242 338 3270 ex
359 3226 445 3269 illis
468 3227 679 3270 fratribus
703 3229 964 3272 reservavit.
1036 3230 1138 3273 Om.
1164 3231 1258 3273 last
1279 3231 1397 3273 lines
1413 3233 1475 3289 of
1486 3232 1744 3286 Lemmens,
1773 3236 1799 3257 “
1819 3231 2018 3275 Dicebat
2041 3259 2097 3264 —

173 3305 325 3348 facere
346 3306 371 3326 ''
396 3303 484 3361 [see
505 3310 617 3348 next
636 3306 856 3366 chapter}

285 3450 299 3475 1
315 3450 420 3489 This
439 3449 573 3489 rubrie
593 3450 630 3488 is
658 3450 794 3500 really
812 3450 998 3489 inserted
1026 3450 1157 3490 lower
1186 3450 1326 3498 down,
1349 3452 1393 3490 in
1424 3459 1508 3492 two
1536 3452 1663 3492 blank
1682 3453 1792 3492 lines
1812 3453 2002 3492 between
2023 3454 2097 3494 the

172 3516 311 3557 words
339 3521 637 3557 construuntur
666 3517 924 3570 (Lemmens,
954 3531 994 3570 p.
1016 3521 1082 3567 98,
1103 3521 1131 3557 1.
1155 3518 1208 3571 1),
1231 3519 1316 3558 and
1343 3533 1393 3559 ex
1422 3520 1553 3570 lignis
1584 3520 1715 3572 (ibid.‚
1746 3521 1773 3560 l.
1802 3521 1870 3571 3):
1899 3522 1971 3560 the
2000 3522 2094 3562 MS.

174 3585 377 3636 omitting
397 3585 469 3625 the
488 3585 623 3625 words
644 3589 775 3625 essent
789 3589 952 3638 parvae
979 3610 1032 3616 —
1061 3586 1109 3625 de
1130 3587 1326 3627 domibus.

2113 1286 2354 1334 Lemmens,
2378 1285 2447 1324 In-

2114 1340 2246 1379 tentio
2268 1341 2405 1391 Regu-

2113 1394 2192 1440 lae,
2218 1406 2264 1443 13
2290 1394 2360 1447 (cf.

2115 1449 2239 1499 Spec.
2261 1447 2391 1496 Pers„

2114 1502 2196 1553 71)-

2116 1852 2361 1899 Lemmens,
2381 1851 2447 1890 In-

2117 1905 2249 1944 tentio
2271 1906 2411 1957 Regu-

2114 1959 2191 2007 lae,
2217 1962 2337 2009 14-16
2358 1959 2434 2012 (cf.

2117 2015 2239 2065 Spec.
2263 2014 2385 2062 Perf„

2120 2068 2199 2121 11).

2116 2495 2356 2543 Lemmens,
2379 2508 2431 2547 34
