2449 3927
219 187 295 236 40
356 171 881 223 DESCRIPTION
908 170 1008 223 OF
1029 169 1083 221 A
1105 169 1612 221 FRANCISCAN
1639 167 2144 220 MANUSCRIPT

222 332 368 375 terea
408 340 517 373 non
559 322 854 373 recordaris
902 321 1050 388 quod
1092 321 1274 372 divina
1318 320 1686 371 misericordia
1715 319 1934 370 excedit
1961 320 2147 369 omnia

220 412 409 464 mundi
450 419 684 478 peccata,
727 419 782 462 et
824 410 1069 463 Christus
1113 410 1364 461 Salvator
1400 418 1586 461 noster
1623 408 1942 460 benedictus
1984 408 2147 459 solvit

221 520 318 569 pro
359 502 516 552 nobis
560 502 792 568 pretium
837 500 1026 550 salutis
1070 506 1254 550 nostre
1295 498 1419 549 Deo
1461 497 1680 550 Patri?1
1791 497 1923 548 Ideo
1964 515 2146 548 secure

218 591 460 643 confidas
487 590 635 658 quod
665 598 722 640 tu
752 591 857 640 eris
885 590 1135 640 salvatus,

334 681 408 731 Et
435 689 564 732 tunc
592 681 718 747 quia
759 679 1062 744 completus
1102 686 1218 729 erat
1259 680 1594 745 purgationis
1621 678 1896 739 terminUS,
1929 678 2146 732 recessit

217 771 505 836 temptatio
545 778 601 820 et
639 770 789 820 venit
828 767 1146 819 benedictio,
1235 766 1308 821 Et
1355 785 1479 818 cum
1520 767 1692 818 letitia
1735 784 1934 833 magna
1973 766 2144 817 dixit:

220 861 410 911 Frater
450 860 684 921 Mathee,
729 859 855 925 quia
895 858 1148 923 fatigatus
1189 874 1246 907 es
1288 864 1343 908 et
1382 857 1515 907 hora
1555 866 1638 908 est
1673 857 1787 923 jam
1815 856 2141 924 quiescendi,

218 967 350 1016 rogo
380 949 528 1017 quod
556 948 724 1000 vadas
754 947 823 999 ad
865 955 1164 1013 pausatum.
1251 947 1335 998 Fr.
1372 946 1626 998 Matheus
1654 964 1784 997 vero
1813 947 1988 998 noluit
2019 962 2145 996 eum

214 1038 500 1091 dimittere.
586 1039 667 1089 Fr.
694 1055 823 1088 vero
853 1037 1130 1103 Johannes
1159 1045 1373 1087 tantum
1403 1037 1610 1087 instetit
1638 1037 1786 1103 quod
1809 1036 1863 1088 fr.
1894 1035 2147 1086 Matheus

215 1129 313 1179 ivit
355 1136 654 1194 pausatum.
741 1127 814 1177 Et
853 1143 976 1177 cum
1025 1126 1081 1178 fr.
1134 1126 1411 1193 Johannes
1454 1127 1798 1177 remansisset
1838 1126 1984 1176 solus
2024 1142 2146 1176 cum

214 1219 486 1280 servitore,
536 1235 661 1268 ecce
711 1216 961 1268 Christus
1009 1216 1110 1266 sibi
1166 1216 1418 1282 apparuit
1466 1233 1588 1266 cum
1637 1217 1880 1267 maxima
1926 1214 2046 1265 luce
2093 1223 2149 1265 et

213 1309 481 1358 suavitate
521 1306 720 1368 odoris,
764 1307 904 1356 sicut
946 1305 1047 1356 sibi
1090 1306 1414 1370 promiserat
1454 1306 1508 1356 in
1549 1313 1797 1371 tempore
1836 1313 2147 1373 opportuno

212 1398 406 1448 iterum
455 1413 743 1462 apparere;
785 1403 838 1446 et
885 1395 986 1458 ille,
1030 1395 1231 1460 Junctis
1281 1394 1546 1457 manibus,
1595 1396 1795 1461 gratias
1842 1395 1916 1445 illi
1965 1412 2147 1461 agens,

213 1487 315 1553 ipsi
336 1486 496 1553 capiti
519 1502 617 1536 suo
643 1484 792 1552 quod
822 1501 1036 1551 semper
1062 1492 1358 1550 optaverat,
1391 1483 1636 1535 Domino
1658 1501 1758 1534 suo
1778 1484 1905 1549 Jesu
1929 1484 2147 1536 Christo

211 1584 478 1643 tanquam
539 1575 847 1626 membrum
909 1574 1139 1625 electum
1201 1574 1517 1625 eternaliter
1575 1581 1656 1624 est
1709 1571 1907 1635 unituS,
1965 1582 2019 1624 et
2072 1576 2150 1625 sic

214 1665 497 1716 letificatus
526 1673 579 1716 et
605 1665 935 1736 ¹consolatus
979 1664 1228 1714 transivit
1256 1664 1325 1714 ad
1355 1664 1673 1715 Dominum.
1759 1663 1832 1714 Et
1861 1665 2146 1730 requiescit

213 1757 268 1806 in
298 1756 418 1807 loco
447 1756 634 1807 Penne
662 1755 832 1805 sancti
863 1754 1142 1820 JohanniS.
1227 1752 1322 1803 Ad
1351 1753 1570 1805 laudem
1602 1753 1813 1805 Christi.
1897 1753 2094 1805 Amen.

329 1879 396 1937 Cfi
422 1879 630 1932 Fioretti,
656 1891 754 1933 cap.
782 1888 854 1933 45.

126 2013 192 2066 52
326 1990 382 2060 (f.
418 1990 532 2059 85¹)
578 1990 824 2053 Qualiter
848 1990 996 2040 beata
1036 1990 1185 2057 virgo
1225 1989 1421 2039 Maria
1460 1990 1712 2055 apparuit
1735 1990 1949 2041 cuidam
1960 1990 2303 2056 fratr2'[Actus
2324 2003 2408 2053 68.]

213 2080 412 2132 minori
435 2081 491 2131 in
518 2080 618 2131 loco
648 2079 899 2147 Suffiana
2155 2056 2384 2163 ΐῖὂιτῗηῗζέ

329 2171 391 2222 In
423 2171 667 2221 Marchia
693 2170 761 2220 de
790 2169 1058 2220 Anchona
1086 2170 1138 2219 in
1167 2169 1408 2236 quodam
1438 2169 1654 2220 deserto
1682 2170 1801 2220 loco
1828 2171 1919 2237 qui
1948 2170 2143 2221 dicitur
2156 2165 2290 2204 230⁴·

212 2259 519 2312 Suffianum
561 2260 663 2310 fuit
704 2260 1008 2326 antiquitus
1048 2258 1272 2325 quidam
1315 2260 1477 2310 frater
1506 2261 1695 2323 minor,
1728 2261 1879 2310 cuius
1908 2261 2141 2310 nominis

212 2366 321 2401 non
351 2349 619 2412 recordor,
653 2358 764 2401 tam
807 2349 1050 2400 mirande
1089 2351 1393 2400 sanctitatis
1432 2379 1579 2386 --—
1609 2351 1664 2400 in
1689 2349 1862 2414 jubilo
1893 2350 2143 2416 migravit

209 2438 280 2489 ad
310 2439 624 2490 Dominum.
710 2437 804 2488 Ad
826 2437 1046 2489 laudem
1074 2438 1286 2489 Christi.
1373 2437 1571 2489 Amen.

327 2559 432 2606 Our
447 2563 631 2605 version
649 2576 807 2619 agrees
838 2562 1009 2605 almost
1040 2562 1269 2618 wordfor
1296 2561 1434 2604 word
1454 2561 1571 2603 witlz
1594 2561 1759 2604 Bartlz.
1784 2560 1840 2618 of
1850 2561 1979 2614 Pisa,
2003 2560 2148 2603 Liber

210 2637 457 2696 Conferat„
486 2639 519 2692 Ι,
548 2638 763 2691 280-281,
789 2642 870 2680 not
888 2638 1007 2681 witlz
1030 2638 1104 2680 the
1126 2638 1424 2680 abbreviated
1451 2637 1636 2680 version
1659 2637 1708 2679 z'n
1731 2636 1880 2680 Actus
1903 2636 1974 2679 68.

322 2713 464 2772 After
494 2712 664 2767 Studio,
701 2713 973 2771 (Conform.‚
1011 2713 1112 2767 280,
1147 2713 1173 2755 1.
1211 2715 1287 2770 21)
1319 2713 1409 2756 Ph.
1444 2712 1592 2756 adds:
1632 2719 1675 2755 et
1708 2726 1847 2755 cursu
1870 2711 2067 2755 vi1tuose
2097 2719 2141 2755 et

208 2788 389 2833 celestis
411 2788 503 2833 vite
527 2803 851 2832 consummans
883 2797 927 2833 et
949 2789 1162 2832 ardenter
1182 2788 1227 2831 in
1251 2788 1465 2832 Domino.

321 2865 463 2923 After
475 2863 717 2920 requireret
735 2865 964 2907 carnalem
986 2864 1153 2921 (Confi,
1180 2864 1281 2919 280,
1307 2864 1334 2906 l.
1361 2877 1384 2906 2
1391 2866 1436 2920 3)
1458 2864 1547 2906 Plz.
1568 2863 1713 2906 adds:
1745 2862 1825 2905 sed
1842 2862 2075 2906 confidens
2094 2861 2139 2905 in

209 2940 305 2984 solo
327 2942 436 2996 Jesu
459 2939 641 2984 Christo
673 2927 926 2993 benedicto,
963 2953 1084 2995 pane
1115 2939 1288 2983 scilicet
1321 2938 1513 2982 mirifico
1533 2938 1608 2994 qui
1630 2938 1689 2982 de
1713 2939 1810 2982 celo
1834 2937 2072 2981 descendit
2093 2946 2140 2982 et

207 3024 370 3059 cuncta
384 3017 482 3059 solo
495 3029 704 3059 sermone
718 3023 956 3059 restaurat.
1022 3015 1163 3071 After
1171 3016 1433 3059 consolatus
1449 3015 1614 3074 (Confi,
1633 3015 1733 3069 280,
1751 3015 1777 3056 1.
1799 3016 1875 3070 27)
1889 3015 1978 3057 Ph.
1995 3014 2108 3057 adds
2124 3030 2140 3056 .·

206 3099 252 3135 et
274 3093 529 3147 exyleratus
549 3100 701 3135 mente
724 3099 769 3135 et
793 3105 996 3147 corpore.
1062 3091 1163 3134 For
1189 3093 1296 3134 Non
1328 3092 1429 3147 plus
1452 3117 1568 3123 —-—
1590 3089 1809 3145 quoniam
1842 3090 2007 3148 (Confi,
2035 3090 2135 3143 281,

207 3167 235 3209 l.
262 3169 353 3224 1-2)
375 3168 464 3211 Pla.
491 3168 623 3212 reads
638 3183 654 3211 .·
691 3168 797 3210 Non
821 3169 936 3223 plus,
965 3168 1005 3211 O
1031 3166 1301 3210 suavissima
1322 3176 1469 3211 mater
1490 3175 1534 3210 et
1557 3165 1743 3209 domina
1764 3164 2020 3220 benedicta,
2044 3179 2135 3208 non

206 3243 318 3298 plus,
347 3244 387 3287 O
412 3243 589 3287 medica
611 3242 855 3287 benedicta
878 3251 922 3287 et
944 3242 1157 3286 salvatrix
1178 3242 1365 3286 humani
1399 3242 1578 3298 generis
1601 3250 1647 3285 et
1670 3241 1898 3297 salvatrix,
1921 3255 2013 3284 non
2035 3241 2136 3297 plus

206 3332 434 3374 quomam.

325 3475 340 3499 1
360 3476 448 3515 lee
469 3477 603 3516 words
625 3476 776 3517 salutis
803 3500 911 3507 ———
941 3477 1038 3516 ideo
1059 3489 1133 3516 are
1166 3477 1425 3517 substituted
1443 3477 1521 3527 for
1551 3477 1764 3516 interitum
1785 3489 1885 3517 vero
1906 3478 2137 3529 expuncted

211 3542 257 3581 in
280 3545 381 3581 text.
