2449 3927
113 1119 176 1173 53

110 1524 177 1578 54

353 191 792 243 FORMERLY
836 191 917 241 IN
962 190 1128 241 THE
1172 190 1578 242 PHILLIPPS
1623 191 1973 242 LIBRARY
2053 207 2117 255 41

309 342 398 384 Ph.
423 355 506 384 om.
532 340 590 383 de
615 339 816 383 Domino
836 341 946 395 Jesu
969 339 1148 382 Christo
1170 339 1444 395 loquebatur
1459 348 1503 382 et
1526 341 1540 394 (
1569 340 1714 397 Conf,
1742 342 1844 394 281,
1870 341 1895 383 l.
1922 344 1980 396 3).

310 417 398 459 Ph.
422 417 533 458 adds
559 431 575 457 .·
609 416 682 458 vel
705 415 894 457 bussula
915 415 1041 473 aster
1056 421 1280 457 evacuata
1303 414 1468 472 (Confi,
1496 414 1596 467 281,
1623 415 1647 457 1.
1678 418 1733 470 5).

310 492 399 535 Ph.
425 492 587 534 reads:
626 498 671 533 et
703 489 979 532 suavitatem
1010 487 1239 532 electuarii
1270 488 1418 544 primi,
1453 489 1683 544 quomodo
1713 498 1872 545 potero
1906 490 2127 534 sustinere

197 567 487 610 secundum?
546 568 680 620 Rogo
712 573 768 619 te,
793 563 1035 607 benedicta
1070 579 1206 620 super
1234 578 1392 608 omnes
1425 572 1607 608 sanctos
1641 566 1845 620 angelos,
1870 567 1995 621 quod
2017 566 2128 609 mihi

199 642 395 699 amplius
417 642 556 686 nolite
579 641 789 685 exhibere
811 641 980 698 (Confi,
1007 641 1109 694 281,
1135 641 1161 684 l.
1188 643 1246 696 7).

312 720 399 762 Pk.
431 718 545 762 adds
573 718 696 777 aster
722 715 930 760 satietate
963 716 1158 759 refectus
1197 716 1366 774 (Confq
1398 718 1499 770 281,
1540 717 1565 760 l.
1612 718 1713 770 16);
1756 725 1850 760 erat
1888 717 2007 760 enirn
2038 732 2126 761 non

201 803 432 838 terrenum
457 794 539 837 sed
564 792 756 836 celicum
777 791 1078 835 medicamen.

310 871 448 914 JWOSZ
465 870 523 929 of
533 870 659 913 tlzese
681 870 896 912 variants
918 869 1061 925 bring
1078 869 1151 911 tlte
1173 869 1412 925 Plzz'llz‘pps
1434 869 1617 911 version
1640 883 1806 911 yzearer
1833 873 1878 912 lo
1916 869 2124 922 Fiorettz‘,

199 951 296 1004 cap.
323 958 394 1000 47.

302 1066 356 1135 (f.
389 1069 418 1117 8
429 1067 509 1135 5v)
550 1066 634 1116 De
660 1065 858 1115 visione
868 1065 1075 1129 fratris·
1101 1065 1292 1116 Leonis
1319 1065 1554 1116 revelata
1579 1074 1754 1115 sancto
1782 1065 2069 1118 Francz'sca

312 1155 566 1222 Quodam
612 1163 860 1221 tempore
901 1185 1048 1192 -—-
1096 1153 1166 1204 ad
1220 1163 1417 1207 eterna.
1501 1154 1593 1205 Ad
1641 1154 1859 1206 laudem
1911 1156 2122 1213 Christi,

197 1246 393 1298 Amen.

290 1375 312 1432 ‘3‘
339 1387 394 1428 4:
429 1374 570 1434 After
582 1382 826 1431 paupertas
848 1375 946 1418 add
960 1373 1261 1417 sanctissima.
1329 1376 1351 1430 ᾗ
1382 1384 1401 1429 5
1428 1388 1436 1416 :
1471 1372 1672 1417 sentiens
1697 1374 1805 1431 (for
1819 1374 2000 1430 sciens).

309 1495 363 1564 (f.
399 1495 514 1564 86r)
560 1494 808 1558 Qualiter
828 1495 991 1545 semel
1023 1503 1237 1545 sanctus
1276 1494 1594 1545 Francz’scus
1603 1495 1730 1558 fuit
1760 1503 1984 1561 receptus
2010 1513 2125 1546 cum

192 1586 322 1636 socio
347 1603 440 1636 suo
466 1585 543 1635 ad
562 1583 846 1651 hospitium
874 1602 992 1635 cum
1020 1585 1260 1635 maxima
1288 1584 1561 1635 devotione.

314 1675 651 1727 Venerabilis
693 1683 847 1740 pater
887 1683 940 1725 et
981 1673 1332 1724 admirandus
1375 1682 1589 1724 sanctus
1631 1674 1967 1736 FranciscuS,
2000 1692 2122 1725 cum

194 1766 361 1816 semel
390 1764 457 1815 ad
499 1765 797 1830 hospitium
838 1763 1118 1830 cujusdam
1168 1765 1406 1830 potentis
1447 1771 1502 1815 et
1542 1764 1738 1815 nobilis
1778 1765 2126 1831 pervenisset,

194 1855 295 1906 fuit
323 1863 572 1921 receptus
602 1855 718 1920 ipse
747 1871 871 1905 cum
901 1855 1050 1904 socio
1077 1871 1202 1904 cum
1231 1861 1387 1905 tanta
1415 1853 1711 1905 devotione
1739 1862 1792 1905 et
1820 1855 2125 1907 curialitate

194 1945 451 2011 largiflua,
498 1952 559 1995 ut
598 1944 872 1995 videretur
911 1943 1056 1995 dicto
1104 1944 1274 1994 nobili
1320 1944 1472 2010 quasi
1522 1944 1747 2010 angelos
1789 1944 1844 1995 in
1884 1945 2123 2010 hospitio

196 2036 471 2100 recepisse.
557 2035 784 2103 Propter
812 2051 977 2100 quam
1007 2034 1366 2085 curialitatem
1409 2042 1627 2085 sanctus
1656 2035 1975 2086 Franciscus
2003 2051 2125 2086 con-

193 2127 337 2191 cepit
378 2141 635 2191 magnam
677 2124 1027 2175 dilectionem
1075 2124 1144 2175 ad
1190 2125 1382 2190 ipsum.
1468 2124 1613 2175 Nam
1655 2123 1831 2175 dictus
1871 2124 2126 2175 dominus

194 2215 396 2281 recepit
423 2223 675 2265 sanctum
705 2214 1054 2265 Franciscum
1097 2215 1151 2265 in
1192 2215 1436 2279 ingressu
1466 2213 1662 2265 domus
1690 2214 1758 2264 ad
1787 2215 2125 2266 amicabilem

193 2304 514 2370 amplexum
542 2311 597 2354 et
625 2304 771 2369 pacis
800 2303 1060 2365 osculum,
1090 2311 1144 2353 et
1174 2311 1299 2369 post
1331 2304 1638 2368 ingressum
1669 2303 1801 2354 lavit
1828 2304 1930 2354 sibi
1960 2303 2126 2369 pedes

193 2404 247 2445 et
275 2394 525 2445 abstersit
551 2403 606 2444 et
627 2393 903 2444 osculatus
932 2393 1030 2444 fuit
1071 2411 1164 2443 eos
1206 2393 1497 2455 humiliter,
1527 2395 1815 2460 ignemque
1844 2395 2123 2460 copiosum

195 2484 427 2535 munivit
468 2500 822 2549 mensamque
863 2483 1020 2533 bonis
1063 2483 1316 2534 omnibus
1358 2483 1575 2548 plenam
1616 2482 2125 2534 habundantissime

195 2574 519 2639 preparavit,
541 2582 595 2624 et
618 2572 903 2623 edentibus
928 2572 1031 2622 illis
1062 2572 1197 2622 facie
1225 2572 1488 2622 letissima
1518 2574 1753 2623 serviens
1778 2573 2120 2625 ministravit.

193 2662 535 2728 Sumptoque
562 2662 683 2713 cibo
724 2661 868 2713 dixit
910 2662 1000 2711 ille
1042 2660 1295 2712 dominus
1341 2670 1529 2712 sancto
1573 2662 1860 2723 Francisco
1897 2669 1950 2712 et
1978 2663 2124 2712 socio

194 2769 324 2803 suo:
373 2752 528 2814 Ecce,
576 2759 740 2818 pater,
775 2769 862 2802 me
903 2760 958 2802 et
1000 2768 1122 2801 mea
1162 2751 1320 2802 vobis
1362 2753 1616 2817 assigno;
1663 2751 2124 2818 quandocumque

194 2841 451 2907 indigetis
480 2842 676 2893 tunicis
704 2850 758 2892 et
788 2841 1074 2902 mantelliS‚
1107 2842 1300 2892 ematis
1343 2850 1397 2892 et
1424 2858 1527 2907 ego
1557 2841 1766 2892 solvam
1794 2841 1963 2892 vobis,
2052 2842 2122 2892 Et

192 2931 425 2982 videatis
465 2931 592 2997 quia
632 2939 851 2996 paratus
900 2948 1021 2981 sum
1070 2932 1125 2980 in
1172 2931 1428 2982 omnibus
1470 2933 1663 2982 vestris
1705 2930 2120 2982 necessitatibus

193 3020 493 3081 subvenire,
526 3021 651 3086 quia
682 3020 1000 3070 benedictus
1043 3020 1194 3070 Deus
1237 3020 1305 3071 de
1344 3021 1600 3071 omnibus
1631 3021 1942 3071 necessariis
1971 3019 2121 3072 dedit

194 3111 324 3161 mihi
353 3111 561 3176 copiam
601 3109 929 3171 affluentem,
961 3118 1016 3160 et
1043 3109 1168 3160 ideo
1209 3128 1306 3176 pro
1346 3128 1531 3161 amore
1569 3111 1684 3176 ejus
1713 3111 2039 3176 pauperibus
2067 3119 2121 3162 et

193 3200 564 3266 indigentibus
605 3200 836 3250 libenter
876 3198 1152 3265 impendo.
1247 3201 1322 3252 Et
1366 3209 1650 3266 propterea
1696 3208 1913 3251 sanctus
1957 3200 2121 3251 Fran-

192 3291 380 3351 ciSCUS,
427 3290 556 3341 visis
602 3307 709 3356 que
754 3288 1138 3340 habundanter
1183 3297 1464 3355 paraverat
1510 3298 1565 3340 et
1604 3289 1803 3340 auditis
1844 3307 1949 3356 que
1992 3290 2121 3340 hab-

193 3378 489 3430 undantius
517 3377 799 3439 obtulerat,
829 3378 1078 3443 concepit
1119 3379 1175 3428 in
1215 3378 1378 3429 corde
1419 3396 1516 3429 suo
1544 3386 1759 3429 tantum
1788 3395 2026 3429 amorem
2055 3378 2122 3429 de

191 3468 297 3530 illo,
329 3467 480 3535 quod
509 3469 642 3534 ipse,
670 3485 793 3518 cum
836 3468 983 3518 socio
1025 3469 1347 3530 recessisset,
1382 3467 1624 3519 dicebat:
1666 3468 1811 3520 Vere
1852 3468 1952 3519 iste
1978 3477 2122 3519 esset

192 3558 365 3609 bonus
420 3576 518 3624 pro
573 3558 832 3608 societate
886 3564 1089 3618 nostra,
1136 3558 1229 3624 qui
1283 3566 1365 3609 est
1413 3565 1525 3608 tam
1580 3566 1766 3623 gratus
1822 3556 1961 3618 De0‚
2007 3566 2120 3609 tam

2144 1064 2275 1102 Actus
2296 1073 2360 1113 59.

2143 1494 2295 1544 [Actus
2317 1495 2399 1544 71.]

2143 1548 2331 1595 Floretti,
2354 1559 2418 1597 37.
