2449 3927
165 171 233 222 72
295 154 822 208 DESCRIPTION
851 155 950 207 OF
973 153 1026 204 A
1050 151 1551 204 FRANCISCAN
1577 149 2085 201 MANUSCRIPT
2431 143 2435 217 l

161 307 351 362 insuper
373 305 483 364 (for
502 305 656 361 frater)
676 319 687 355 ;
722 306 747 348 1.
778 304 829 350 18
852 322 860 349 z
894 311 939 347 et
961 304 1055 346 vult
1078 316 1192 345 onus
1227 309 1406 358 portare
1428 309 1473 344 et
1495 299 1624 344 latari
1648 307 1693 343 et
1716 297 1880 342 lucrari
1899 314 1911 350 ;
1943 298 1970 341 l.
1997 310 2051 353 23
2072 312 2082 340 ε
2101 313 2207 364 [ὣς.
2227 313 2367 363 Vetus,
2386 328 2404 356 Ι

162 396 359 438 querens
383 383 495 440 (for
510 379 768 440 quaesivit).
2100 365 2361 474 ggszusiciulzs,
2380 371 2410 411 1.
2442 333 2449 422 i

2195 450 2203 460 .
2271 449 2295 469 .,
2344 450 2354 462 .

42 490 63 526 Ι
80 488 146 539 34
277 473 330 540 (f.
363 486 381 522 Ι
401 487 419 523 1
432 474 506 539 61)
542 473 628 523 De
641 480 784 522 statu
806 472 946 523 malo
951 472 1142 536 futuro
1160 487 1312 536 quem
1322 468 1558 534 predixit
1569 467 1746 517 beatus
1761 465 2082 515 Franciscus.
2101 473 2185 525 87).

281 561 526 613 Predixit
553 562 747 612 beatus
776 561 1091 611 Franciscus
1119 593 1189 598 —-
1217 558 1396 609 delere
1423 557 1491 608 de
1517 565 1670 607 terra.

282 663 304 721 g
331 676 386 709 2:
421 662 705 707 sanctissime
741 662 852 718 (for
880 659 1163 716 altissimae).
1235 660 1255 718 ξ
1283 672 1337 714 3:
1373 666 1540 702 statum
1575 658 1686 715 (for
1706 657 1906 716 fastum).
1975 654 1996 712 ἓ
2035 666 2090 708 7;
2434 647 2442 812 l

167 747 437 783 servaturos.
521 741 544 799 ἕ
586 739 642 781 8;
687 736 875 794 injurias
915 738 1026 795 (for
1059 733 1448 790 innumerabiles).
1530 731 1552 789 ἓ
1593 746 1650 788 9;
1697 730 1957 787 simpliciter
1986 728 2100 789 (for

166 813 403 870 similiter),
427 815 500 857 vel
524 815 636 871 (for
652 812 718 867 et)
743 812 803 856 ad
826 812 1030 855 infideles
1054 809 1253 854 transire.

46 907 64 943 1
81 903 143 956 35
279 905 331 973 (f.
386 905 511 972 116)
551 905 636 954 De
682 904 960 953 intentione
1002 901 1176 952 sancti
1218 901 1497 951 Francisci
1536 899 1670 950 circa
1709 897 2088 949 observatiorem
2107 905 2208 956 Leg.
2229 904 2372 955 Vetus,
2389 918 2410 948 2

166 996 343 1062 regule
380 1004 534 1060 super
571 994 662 1043 illo
701 993 851 1044 verbo
868 1012 885 1043 .·
941 992 1256 1058 Ubicumque
1292 998 1419 1040 sunt
1438 992 1650 1055 fratres
1687 988 1782 1056 qui
1815 989 2008 1038 scirent
2043 995 2094 1037 et
2106 959 2161 1012 (p.
2181 958 2262 1011 9Ο)“

166 1092 525 1152 cognoscerent,
559 1092 643 1134 etc.

283 1170 557 1237 Quoniam
599 1170 731 1221 certi
773 1176 900 1219 sunt
941 1168 1131 1220 fratres
1171 1198 1241 1205 —-
1287 1167 1521 1217 Mutavit
1564 1166 1727 1231 igitur
1767 1165 1941 1231 ipsam
1984 1164 2096 1230 (sic)

167 1261 404 1311 clausule
432 1259 572 1310 illius
600 1259 767 1309 verba
797 1259 934 1309 sicut
964 1257 1129 1308 modo
1152 1258 1332 1322 jacent
1361 1257 1415 1306 in
1445 1255 1643 1320 regula.

262 1362 284 1419 ἓ
305 1375 330 1404 2
354 1381 361 1408 :
400 1361 638 1404 Bernardo
656 1362 674 1418 (
686 1362 768 1415 for
781 1358 1062 1418 Dominico).
1128 1359 1150 1418 ἓ
1172 1372 1197 1414 3
1220 1376 1228 1403 ε
1254 1365 1385 1402 erant
1403 1358 1515 1416 (for
1526 1355 1894 1411 continebantur)
1915 1371 1925 1407 ;
1949 1354 2097 1409 gratia

169 1437 257 1481 Dei
291 1438 528 1481 roboratus
560 1438 681 1480 hanc
712 1437 916 1491 regulam
949 1435 1138 1479 fideliter
1172 1442 1216 1477 et
1249 1434 1422 1477 devote.
1483 1434 1588 1491 §42
1623 1446 1708 1476 om.
1737 1445 1873 1484 vero3
1907 1431 2098 1474 libenter

166 1516 280 1573 (for
297 1512 570 1570 liberaliter).
638 1512 660 1569 ἕ
690 1523 709 1568 5
734 1530 742 1558 ;
775 1511 1045 1555 sententiam
1063 1511 1121 1568 (1)
1141 1513 1252 1569 (for
1269 1508 1516 1568 licentiam)
1537 1524 1548 1561 ;
1570 1516 1722 1564 posset
1741 1510 1853 1566 (sor
1864 1512 2068 1566 possent)
2089 1523 2102 1559 ;

166 1589 372 1633 scandali
396 1588 509 1647 (for
527 1587 780 1643 scandala).
849 1588 871 1645 ᾗ
899 1598 923 1640 7
946 1603 954 1631 z
991 1586 1243 1630 animarum
1274 1586 1459 1628 fratrum
1484 1583 1590 1640 (om.
1615 1587 1679 1643 et)
1699 1599 1710 1635 3
1743 1581 2098 1626 conservationis

167 1674 212 1709 et
229 1664 471 1720 religionis.
540 1664 576 1721 ἓ.
597 1678 624 1720 9
646 1679 654 1706 z
691 1663 753 1707 ita
775 1663 915 1707 debet
936 1676 1036 1706 esse
1057 1663 1267 1705 voluntas
1290 1670 1335 1705 et
1358 1658 1620 1705 obedientia
1642 1673 1749 1703 vera
1766 1659 1902 1715 quod.
1970 1660 1992 1717 ἕ
2018 1671 2035 1701 1
2049 1671 2066 1702 1
2087 1675 2096 1704 :

168 1742 227 1784 ad
248 1727 599 1784 observandum.

48 1869 67 1905 1
83 1869 109 1920 3
118 1856 151 1906 6
281 1831 342 1900 (f.
381 1845 399 1880 Ι
420 1830 533 1899 16V)
562 1830 877 1895 Exemplum
903 1829 966 1879 de
978 1829 1214 1895 predicta
1241 1828 1508 1878 voluntate
1531 1826 1708 1876 sancti
1731 1825 2015 1876 Francisci.
2108 1846 2213 1900 Leg.
2234 1847 2373 1895 Vetus,
2391 1857 2412 1896 3

283 1922 482 1972 Probat
541 1930 724 1971 autem
783 1918 915 1970 illud
982 1920 1264 1984 responsio
1323 1947 1394 1954 -
1457 1933 1579 1966 cum
1649 1915 1823 1966 letitia
1884 1931 2095 1967 servare
2112 1900 2169 1953 (Ρ·
2191 1901 2271 1950 96).

169 2011 485 2062 studuerint.

285 2104 307 2162 ἕ
339 2120 354 2150 1
381 2121 389 2148 ι
426 2113 469 2148 et
492 2104 695 2160 regulam
712 2105 840 2162 juxta
862 2103 986 2159 quod
1009 2101 1189 2158 promisi
1217 2102 1299 2145 sed
1322 2100 1426 2161 (sic)
1450 2115 1611 2156 puram
1633 2099 1935 2144 intentionem
1957 2114 2095 2155 quam

169 2184 245 2241 (cf.
265 2182 393 2238 Spec.
428 2179 570 2236 Vitae)
590 2196 601 2233 3
636 2215 645 2223 .
680 2214 689 2223 .
725 2214 733 2223 .
770 2193 913 2235 usque
937 2178 982 2221 in
1001 2179 1133 2221 finem
1159 2177 1341 2221 firmiter
1363 2185 1407 2221 et
1429 2175 1690 2232 simpliciter
1710 2177 1958 2219 observare
1981 2190 2097 2219 cum.

171 2260 193 2317 ἓ
220 2271 245 2314 3
267 2275 275 2302 :
311 2271 399 2312 ego
423 2258 544 2300 solus
566 2257 638 2299 vel
658 2255 865 2312 pluribus
888 2254 986 2297 aliis
1010 2269 1125 2298 eam.
1193 2253 1317 2310 (Om.
1345 2261 1390 2297 et
1412 2252 1534 2296 illam
1557 2253 1756 2308 perfecte
1779 2254 1995 2310 servare.)

48 2389 67 2424 1
83 2388 110 2440 3
119 2386 150 2439 7
283 2348 340 2415 (f.
379 2363 396 2399 Ι
417 2348 529 2415 16V)
571 2349 655 2398 De
680 2347 896 2398 scientia
922 2364 1081 2414 quam
1096 2344 1368 2412 predixit?
2111 2372 2214 2424 Leg.
2235 2371 2376 2418 Vetus,
2394 2383 2416 2420 4

285 2438 526 2489 Predixit
573 2454 792 2504 quoque
839 2437 1030 2487 beatus
1080 2436 1397 2486 Franciscus
1445 2435 1593 2502 quod
1644 2434 1823 2485 valida
1869 2434 2094 2485 fratrum
2111 2424 2168 2477 (P·
2186 2424 2268 2475 97)·

168 2545 388 2579 suorum
429 2527 717 2593 temptatio
756 2526 827 2577 ob
869 2543 1112 2577 amorem
1154 2525 1357 2577 sciendi
1398 2526 1553 2592 quasi
1581 2532 1775 2575 ventus
1806 2524 2095 2574 vehemens

167 2650 237 2656 —
264 2625 317 2669 et
345 2616 714 2668 intollerabilis
744 2615 904 2666 corde
932 2633 1116 2666 eorum
1146 2617 1497 2666 conversatio,

284 2719 306 2777 ἓ
338 2733 353 2762 Ι
377 2737 387 2765 :
423 2719 619 2774 angulos
641 2718 802 2761 domus
836 2725 1087 2761 concutere.
1156 2718 1178 2776 ἕ
1205 2730 1230 2760 2
1253 2733 1261 2759 :
1298 2716 1400 2760 talis
1420 2717 1534 2774 (sor
1551 2715 1827 2776 animarum)
1848 2734 1858 2770 3
1894 2715 2098 2758 aehchac

166 2795 183 2854 (
193 2796 277 2852 for
291 2795 503 2853 Rechab)
522 2811 534 2848 ;
554 2793 787 2838 mandavit
804 2793 918 2836 filius
935 2792 1027 2836 suis
1062 2828 1070 2837 .
1106 2829 1115 2837 .
1150 2828 1159 2837 .
1194 2807 1285 2836 non
1302 2792 1510 2836 habitare
1528 2791 1573 2834 in
1592 2791 1850 2835 civitatibus
1869 2792 1925 2849 (1)
1942 2790 2097 2834 medio

166 2871 303 2914 modo
326 2870 384 2926 (1)
407 2871 627 2926 plantare.
698 2873 720 2929 g
746 2882 800 2923 4:
838 2884 924 2913 om.
951 2878 998 2912 ut
1022 2869 1133 2912 dixit
1153 2886 1163 2922 ;
1199 2867 1553 2924 contemptibilis
1579 2868 1595 2925 (
1605 2870 1686 2925 for
1709 2865 2042 2922 corruptibilis).

47 2997 67 3033 1
83 2984 148 3047 33
281 2962 337 3032 (f.
379 2977 396 3013 Ι
417 2977 434 3012 1
449 2964 523 3030 7r)
563 2962 664 3013 Ad
682 2963 818 3013 idem
845 2962 907 3012 a⁷e
931 2962 1184 3027 stupenda
1210 2961 1537 3027 apparitione
1555 2960 1749 3027 angeli,
1770 2967 1856 3013 etc.
2106 2978 2210 3028 Leg.
2231 2974 2372 3019 Vetus,
2392 2980 2414 3021 5

281 3051 408 3103 Una
454 3051 663 3103 dierum
710 3068 833 3101 cum
881 3058 1059 3102 oraret
1113 3059 1331 3102 sanctus
1381 3051 1698 3100 Franciscus
1744 3079 1816 3085 ——
1862 3049 1917 3098 in
1964 3031 2158 3098 con-(9
2179 3029 2258 3081 99)-

168 3142 406 3192 scientiis
436 3143 545 3192 suis
574 3141 854 3192 haberent.

283 3237 306 3292 ἕ
357 3249 373 3279 1
400 3253 407 3280 :
443 3237 608 3280 stando
641 3238 698 3293 (Ξ)
741 3235 858 3295 (for
888 3236 1148 3292 stupendo).
1235 3237 1257 3293 ᾗ
1300 3248 1353 3280 2:
1397 3236 1571 3278 Venter
1611 3248 1756 3277 ereus.
1837 3234 1859 3290 ξ
1901 3246 1925 3288 3
1949 3247 1956 3275 :
2001 3232 2098 3274 add

167 3321 243 3356 tue
261 3315 384 3371 after
399 3313 545 3357 finem.
614 3314 637 3372 ξ
662 3313 689 3354 6
711 3329 718 3356 :
756 3326 966 3368 porosum
994 3312 1008 3366 (
1024 3313 1118 3369 for
1135 3312 1476 3370 ponderosum).
1545 3312 1567 3369 ξ
1589 3321 1613 3363 7
1636 3328 1644 3356 ;
1681 3316 1815 3352 erunt
1835 3311 1937 3366 (sor
1955 3306 2088 3361 esse),

275 3414 290 3439 1
308 3416 357 3454 In
380 3417 508 3455 MSS.
531 3416 727 3467 Liegnitz
759 3415 841 3455 and
871 3416 1012 3455 Berlin
1043 3415 1163 3455 these
1192 3428 1320 3455 seven
1349 3416 1546 3465 chapters
1569 3413 1774 3467 (134-140)
1798 3425 1922 3452 occur
1942 3412 1983 3450 in
2005 3411 2089 3450 this

168 3482 309 3532 place:
340 3483 382 3521 in
404 3484 494 3522 MS.
516 3484 612 3522 Vat.
635 3495 755 3533 4354,
776 3483 848 3522 the
868 3483 956 3522 first
976 3483 1038 3522 six
1059 3496 1184 3522 occur
1206 3483 1322 3530 here,
1345 3483 1418 3522 the
1440 3482 1614 3522 seventh
1636 3484 1751 3520 later.

277 3549 377 3600 2Cf.
398 3550 502 3601 spec
530 3550 667 3599 Vitae,
719 3561 827 3599 125³.
