2449 3927
260 207 363 262 152
597 192 963 247 RECORDS
1005 192 1107 245 OF
1145 191 1308 244 THE
1351 189 1849 243 FRANCISCAN

475 346 531 397 fr.
576 344 829 396 Andreas
857 343 926 395 de
952 343 1246 410 Ballynges
1275 340 1379 393 sac'
1406 350 1462 394 et
1489 340 1622 408 prof
1649 340 1870 393 ibidem.

474 435 531 486 fr.
574 433 887 501 Stephanus
914 432 983 485 de
1012 431 1420 485 Stouemerchet
1447 431 1550 482 sac'
1582 439 1638 482 et
1665 429 1803 497 prof'
1833 430 2049 482 ibidem.

372 552 486 603 Isto
512 568 657 603 anno
684 551 783 601 fuit
809 549 1109 616 capitulum
1138 548 1391 615 generale
1417 547 1565 615 apud
1592 544 1910 599 Assisium.¹

39 716 129 768 fol.
164 714 237 770 2¹².
524 721 765 773 Nomina
807 722 1028 772 fratrum
1076 718 1457 770 defunctorum
1512 725 1635 785 post
1686 718 1984 785 capitulum
2038 717 2179 770 Can-

409 811 640 879 tabrigie
680 810 1012 862 celebratum
1064 810 1120 860 in
1170 808 1221 859 N
1227 809 1475 860 atiuitate
1515 808 1672 859 beate
1724 807 1965 875 Virginis
2007 807 2177 859 Anno

412 899 557 952 dom.
593 898 1007 952 M0CCC011110.
1094 898 1351 966 Va[cat]2

479 989 535 1042 fr.
581 989 625 1057 J.
659 988 727 1040 de
755 988 1031 1040 Euesham
1060 988 1162 1038 sac'
1193 995 1247 1038 et
1277 987 1401 1054 prof
1413 984 1423 1005 '
1453 986 1722 1039 Couentr’.

480 1079 535 1131 fr.
582 1078 906 1145 Radulphus
934 1077 1003 1128 de
1032 1075 1401 1129 Medeburne³
1430 1074 1532 1128 sac’
1560 1085 1615 1128 et
1644 1075 1793 1143 prof’
1824 1076 2151 1142 Leycestrie.

477 1168 533 1220 fr.
578 1169 620 1235 J.
655 1168 834 1235 Philip
861 1168 1026 1218 laicus
1053 1174 1108 1217 et
1135 1164 1284 1233 prof'
1314 1165 1622 1218 Glouernie.

480 1258 536 1310 fr.
583 1256 922 1325 Reginaldus
949 1256 1017 1307 de
1045 1255 1379 1307 Monkelane
1406 1255 1509 1306 sac’
1539 1262 1595 1306 et
1624 1252 1772 1321 prof'
1803 1254 2056 1306 Herford.

476 1348 532 1400 fr.
592 1347 868 1399 Robertus
927 1345 996 1397 de
1054 1345 1149 1414 [G]
1167 1343 1187 1373 4
1209 1344 1416 1397 Creton
1475 1344 1590 1412 (sic)
1654 1344 1878 1396 clericus
1931 1350 1987 1395 et
2044 1342 2179 1410 prof’

654 1435 935 1488 Bedeford.

474 1528 532 1580 fr.
576 1510 892 1577 Willelmns
922 1525 991 1577 de
1019 1525 1277 1576 Ebuham
1305 1524 1454 1590 gard’
1487 1524 1738 1576 Dunwici
1768 1523 1982 1575 ibidem.

476 1618 531 1670 fr.
580 1616 861 1669 Galfridus
888 1615 956 1667 de
984 1616 1241 1668 Carleton
1269 1613 1420 1682 gard'
1447 1615 1510 1682 (Ρ)
1538 1611 1815 1683 [illegible]

476 1706 534 1757 fr.
580 1703 761 1755 Adam
792 1702 1092 1754 Lufdeford
1112 1700 1129 1730 ⁵
1158 1702 1261 1752 sac'
1296 1709 1351 1752 6(
1379 1701 1524 1769 prof'
1557 1700 1888 1768 Grymysby.

475 1795 533 1847 fr.
579 1793 665 1846 W.
699 1794 767 1845 de
796 1790 964 1846 Corf⁶
995 1790 1096 1844 sac’
1126 1800 1180 1843 et
1209 1789 1357 1858 prof'
1383 1790 1748 1858 Wyncheles’.

472 1885 529 1937 fr.
578 1885 852 1936 Robertus
881 1883 1077 1936 Seford
1105 1884 1206 1934 sac'
1236 1890 1290 1934 et
1319 1882 1448 1949 prof
1457 1882 1468 1902 '
1496 1878 1776 1951 Wynton'.

458 1975 533 2027 ffr.
581 1975 712 2027 Ths.
747 1974 951 2026 Gerom
981 1974 1001 2042 [
1154 1973 1175 2041 ]
1203 1981 1258 2024 et
1287 1969 1434 2039 prof'
1466 1971 1732 2024 Glouern'.

456 2062 535 2115 ffr.
580 2063 888 2114 Willelmus
915 2061 985 2113 de
1013 2062 1214 2113 Berton
1243 2061 1412 2112 laicus
1441 2069 1494 2112 et
1523 2061 1672 2128 prof'
1707 2061 1928 2113 Lennie.

455 2153 532 2206 ffr.
580 2153 709 2205 Ths.
744 2152 814 2204 (16
841 2152 1209 2219 Dudlyngton
1239 2152 1343 2203 sac'
1373 2160 1427 2203 et
1456 2149 1606 2218 prof'
1636 2151 1857 2203 ibidem.

458 2243 535 2296 ffr.
583 2243 768 2294 Dauid
796 2243 867 2294 ab
897 2240 1079 2294 Gruff’
1109 2242 1212 2293 sac'
1242 2249 1296 2293 et
1325 2239 1470 2308 prof'
1499 2241 1684 2293 Kerd'.

457 2334 535 2386 ffr.
584 2334 848 2386 Ricardus
875 2332 943 2384 de
972 2332 1320 2400 Scyrbourne
1349 2331 1453 2383 sac'
1487 2338 1541 2382 et
1569 2330 1715 2397 prof’
1747 2329 1964 2382 ibidem.

458 2423 533 2477 ffr.
577 2423 790 2475 Alanus
812 2423 882 2475 de
910 2423 1116 2475 Sutton
1146 2420 1248 2474 sac'
1275 2430 1331 2473 et
1359 2420 1510 2488 prof'
1543 2420 1746 2474 Oxon’.

456 2514 533 2566 ffr.
579 2514 854 2580 Johannes
882 2513 950 2564 de
978 2512 1314 2579 Schyppton'
1345 2511 1446 2563 sac⁵
1480 2519 1533 2563 6(
1562 2510 1709 2578 prof'
1740 2509 1949 2562 Sarum.

458 2604 536 2657 ffr.
581 2603 862 2671 Johannes
889 2603 959 2654 de
988 2603 1315 2670 Gyppeswic
1343 2603 1443 2653 sac'
1474 2609 1528 2652 6(
1556 2601 1686 2668 prof
1695 2599 1705 2620 ’
1741 2600 2030 2652 Babewell.

457 2694 535 2747 ffr.
584 2695 860 2745 Robertus
888 2693 957 2744 de
981 2692 1321 2744 Northwalle
1350 2688 1453 2743 sac'
1475 2699 1530 2742 et
1558 2688 1705 2757 prof’
1736 2689 2013 2741 Doncast'.

455 2782 534 2835 ffr.
579 2783 887 2834 Willelmus
905 2782 973 2833 de
990 2781 1268 2849 Albyrton
1291 2780 1552 2832 diaconus
1572 2787 1626 2830 et
1648 2779 1775 2846 prof
1785 2778 1794 2798 ’
1819 2778 1964 2830 Noui
1988 2778 2181 2830 Castri.

458 2872 534 2925 ffr.
578 2873 855 2925 Robertus
884 2872 951 2923 de
980 2872 1162 2938 Colby
1190 2871 1296 2922 sac’
1327 2858 1382 2922 6(
1410 2870 1546 2937 prof'
1579 2868 1628 2920 N
1639 2869 1854 2936 orwyci.

458 2962 533 3016 ffr.
580 2963 858 3029 Johannes
887 2963 932 3013 F
934 2970 1104 3014 orster
1131 2961 1392 3013 diaconus
1420 2968 1475 3011 et
1505 2960 1640 3027 prof'
1672 2958 1819 3027 apud
1847 2964 2046 3011 Lenne.

459 3051 542 3106 ffr.
585 3054 860 3120 Johannes
889 3053 1083 3104 Berme
1112 3051 1216 3104 sac’
1247 3059 1301 3103 6(
1328 3051 1460 3118 prof’
1491 3050 1804 3117 Cantebrig.

365 3162 380 3188 1
401 3161 611 3214 Probably
632 3162 706 3202 the
726 3162 915 3213 Chapter
934 3161 983 3201 of
1000 3173 1115 3211 1334.
1180 3160 1387 3212 Chapters
1408 3172 1518 3199 were
1539 3160 1628 3199 also
1648 3158 1747 3198 held
1766 3165 1809 3198 at
1838 3158 1973 3198 Assisi
1994 3159 2036 3198 in
2059 3171 2172 3209 1304.

257 3230 343 3270 and
364 3242 467 3281 1339
488 3242 534 3269 or
557 3242 674 3280 1340.

362 3298 380 3324 2
393 3298 487 3338 The
506 3298 644 3338 whole
662 3311 773 3350 page
793 3298 899 3338 from
920 3297 1006 3336 this
1027 3298 1147 3348 point
1167 3298 1201 3336 is
1221 3296 1394 3336 crossed
1413 3303 1501 3336 out.

359 3365 376 3391 ³
391 3366 474 3405 See
492 3379 533 3418 p.
558 3377 633 3416 144
653 3366 798 3406 above.
993 3365 1060 3404 ⁴G
1082 3364 1333 3416 expuncted.
1501 3364 1517 3389 ⁵
1534 3364 1614 3402 See
1634 3363 1766 3402 above
1786 3376 1826 3415 p.
1852 3375 1941 3413 144.

279 3470 281 3473 ⁴
361 3434 378 3460 ⁶
392 3435 579 3486 Perhaps
595 3435 665 3474 the
686 3435 753 3475 Fr.
771 3434 961 3474 William
981 3433 1032 3473 de
1053 3433 1193 3481 Corfe,
1212 3433 1328 3472 O.M.
1351 3433 1399 3471 of
1413 3432 1483 3471 the
1505 3431 1700 3470 Convent
1721 3431 1770 3469 of
1781 3431 2061 3478 Winchester,
2084 3430 2190 3473 who

253 3515 346 3543 was
361 3502 549 3542 licensecl
565 3509 608 3541 to
623 3502 723 3542 hear
744 3502 1006 3542 confessions
1029 3502 1069 3539 in
1093 3502 1195 3550 1318
1217 3500 1301 3540 and
1325 3512 1439 3549 1322.
1496 3500 1601 3552 Regu
1622 3498 1675 3553 ⁰f
1687 3498 1809 3551 John
1827 3498 1875 3537 de
1891 3496 2080 3537 scandale
2095 3497 2192 3539 and

257 3570 431 3622 Rigaud
446 3570 494 3609 de
513 3570 680 3610 Asserio
703 3570 875 3621 (Hamp.
900 3571 1000 3609 Rec.
1026 3569 1156 3621 Soc.)‚
1174 3581 1243 3620 pp.
1268 3569 1335 3618 85,
1356 3568 1447 3618 508.
1498 3567 1541 3606 If
1557 3567 1641 3606 this
1659 3565 1971 3606 identification
1992 3565 2115 3606 could
2135 3566 2188 3606 be

268 3637 544 3685 established,
565 3639 596 3676 it
613 3637 754 3677 would
774 3637 951 3677 exclude
975 3649 1077 3687 1304
1098 3649 1145 3676 as
1166 3638 1238 3675 the
1259 3636 1371 3677 date.
